2946 5046
1088 332 1152 395 273

164 519 395 600 Transcaspia:
430 518 509 583 Dort
543 517 627 600 Kuju
654 518 682 583 d.
709 519 750 582 25
775 518 867 600 junii,
890 517 1083 583 Turkestan:
1106 519 1193 585 Ken-

56 622 192 705 dyktau,
217 622 245 685 d.
267 624 288 684 4
311 622 448 703 augusti,
474 620 509 686 D.
532 621 558 685 J.
581 620 789 701 Sahlberg.

165 724 197 792 0.
231 724 407 788 ttrttcorut
438 725 480 804 F,
512 723 631 807 Coqu.
655 722 795 808 (hirsuto
818 723 935 806 Fieb.)
959 725 1190 806 magnitudine,

57 836 195 908 statura,
219 829 391 911 pilositate,
416 830 566 892 antennis
589 828 730 891 dilatatis
753 828 912 910 spinaque
935 829 1042 909 anguli
1062 829 1191 910 prunoli

57 932 202 997 lateralis
226 931 357 1014 oblique
379 938 556 996 retrorsum
574 937 726 1011 vergente
743 929 857 1009 alfinis,
875 929 978 995 differt
993 936 1102 994 aulem
1119 951 1192 995 cor-

57 1053 137 1116 pore
161 1015 277 1115 pallide
297 1033 437 1099 flavente
460 1053 535 1098 cum
559 1034 708 1097 antennis
724 1040 756 1098 et
772 1032 907 1114 pedibus
923 1040 991 1097 totu
1007 1035 1191 1113 concolora,

57 1138 211 1202 antennis
234 1138 368 1201 articulo
392 1138 496 1218 primo
521 1136 620 1199 multo
645 1136 800 1216 longiore,
817 1135 929 1199 ultimo
946 1135 1049 1216 primo
1064 1137 1192 1200 circiter

57 1242 100 1319 ¹t3
124 1239 280 1318 breviore,
305 1239 494 1303 brevissime
518 1256 616 1319 parce
639 1237 785 1319 pilosulo,
808 1237 951 1318 granulis
974 1239 1128 1319 marginis
1144 1239 1191 1301 la-

56 1343 169 1406 teralis
193 1342 272 1406 curii
296 1341 483 1420 minoribus,
507 1359 567 1404 nec
591 1359 657 1404 non
680 1341 790 1405 colore
813 1340 900 1404 dorsi
924 1340 1114 1404 abdominis.

57 1669 314 1746 Coriomeris
342 1669 591 1745 hirticornis
611 1665 669 1761 F,
694 1664 829 1762 Coqu.
859 1667 1030 1758 (hirsutus
1048 1665 1189 1768 Fieb.)

163 1854 308 1936 Superne
331 1854 541 1936 ferrugineus,
567 1855 673 1936 capite
690 1862 722 1918 et
737 1861 876 1936 pronoto
892 1853 964 1934 pilis
980 1854 1084 1935 longis
1099 1873 1190 1919 erec-

55 1959 101 2022 tis
124 1957 241 2022 albidis
275 1958 399 2039 pilusis;
440 1959 546 2039 capite
580 1956 722 2038 granulis
756 1955 928 2037 adspersis
962 1956 1047 2020 linea
1082 1957 1190 2021 media

54 2062 224 2145 pallidiore
259 2061 428 2140 destituto,
463 2059 638 2124 tuberculis
662 2057 872 2123 antenniferis
899 2059 992 2140 apice
1015 2060 1190 2141 uncinatis;

54 2165 203 2230 bucculis
225 2163 434 2244 simplicibus
458 2164 551 2244 apice
573 2163 743 2241 truncatis;
764 2162 913 2226 antennis
930 2163 1072 2226 articulis
1087 2163 1190 2227 tribus

55 2268 170 2350 primis
193 2268 265 2348 pilis
288 2267 483 2348 longissimis
508 2267 633 2347 pallidis
656 2266 791 2330 exsertis
807 2265 936 2345 parcius
952 2266 1072 2346 pilosiS,
1089 2267 1189 2333 dense

57 2371 163 2435 minus
188 2372 283 2451 lunge
304 2370 567 2452 semiadpressim
592 2369 828 2447 lusco-setosis,
852 2368 988 2432 articulo
1012 2368 1116 2449 primo
1137 2390 1188 2434 ca·

55 2475 122 2556 pite
146 2493 165 2537 a
188 2475 289 2538 latere
316 2475 385 2537 viso
409 2472 475 2537 lere
499 2475 539 2554 Ἃ
562 2472 720 2552 breviore,
744 2471 888 2537 secundo
912 2478 944 2536 ct
966 2472 1061 2536 tertio
1085 2492 1189 2556 aeque

54 2577 170 2658 longis,
196 2577 299 2658 primo
323 2577 472 2641 distincte
496 2575 704 2656 longioribus,
728 2575 868 2638 dilatatis
888 2580 919 2638 et
935 2581 1049 2657 qvarto
1073 2577 1188 2640 saltem

54 2699 161 2763 aeque
183 2680 266 2758 latis,
290 2680 353 2743 hoc
376 2680 471 2745 tertio
495 2679 684 2760 plerumque
708 2680 748 2759 ¹l5
771 2677 919 2741 breviore
942 2683 972 2741 et
995 2678 1099 2758 primo
1123 2679 1189 2744 lere

55 2799 164 2865 aeque
186 2783 295 2863 longo,
318 2801 415 2864 qvam
438 2783 471 2844 in
495 2780 663 2863 speciebus
686 2780 817 2862 reliquis
839 2779 967 2859 longius
983 2779 1099 2860 piloso;
1115 2801 1190 2862 pro-

54 2894 134 2950 noto
150 2885 221 2949 basi
237 2885 436 2964 longitudine
451 2884 576 2960 latiore,
592 2883 746 2948 lateribus
762 2883 873 2947 leviter
889 2882 1028 2960 sinuato,
1042 2886 1187 2964 margine

55 2988 225 3071 pallidiore
248 2993 279 3051 et
303 2987 404 3068 spinis
424 2993 475 3051 sat
496 2987 623 3067 magnis
640 2985 765 3067 pallidis
781 2985 884 3048 8-11
903 2991 1040 3064 armato,
1057 2986 1107 3050 his
1123 2989 1188 3069 spi·

55 3093 106 3156 nis
121 3091 220 3172 pilam
236 3091 330 3171 spina
346 3091 447 3154 multo
463 3091 644 3171 longiorem
661 3087 848 3166 ferentibus,
863 3088 988 3168 angulis
1004 3090 1137 3169 posticis
1154 3093 1186 3156 in
1229 3136 1231 3141 ·

54 3195 183 3277 spinam
207 3192 348 3257 validam
372 3192 505 3275 oblique
521 3200 697 3257 retrorsum
716 3198 901 3271 vergentem
919 3191 1097 3273 productis3
1113 3214 1188 3258 scu-

54 3298 131 3363 telle
159 3297 273 3378 pilose,
304 3297 397 3377 apice
424 3297 536 3360 leviter
562 3293 695 3373 rellex03
718 3293 914 3376 hemielytris
938 3301 989 3357 sat
1011 3295 1106 3376 longe
1130 3298 1188 3360 ad-

53 3401 193 3483 pressim
223 3400 476 3482 pallido-pilosis,
508 3399 597 3462 corio
628 3397 774 3478 margine
801 3395 925 3460 laterali
954 3395 1055 3461 libero
1078 3399 1187 3465 tuber-

55 3503 136 3568 culis
159 3521 258 3585 quam
280 3503 314 3565 in
336 3502 467 3584 reliquis
491 3500 660 3583 speciebus
682 3499 869 3581 majoribus,
893 3499 989 3580 pilam
1011 3506 1187 3566 retrorsum

53 3612 245 3686 vergentem
274 3604 441 3669 tuberculo
465 3603 644 3683 longiorem
667 3600 859 3680 ferentibus;
883 3601 981 3664 dorso
1005 3602 1187 3668 abdominis

54 3709 159 3790 nigro,
190 3706 365 3787 segmentis
389 3711 504 3788 qvarto
528 3711 560 3770 et
583 3704 694 3786 qvinto
718 3703 808 3768 disco
832 3704 946 3783 rubris,
970 3712 1062 3769 sexto
1085 3703 1187 3771 ferru-

54 3811 162 3892 gineo
188 3810 293 3874 medio
316 3810 511 3890 nigricante3
535 3807 710 3889 segmentis
734 3807 903 3872 connexivi
921 3808 1037 3888 angulo
1053 3817 1188 3878 externo

54 3913 173 3995 apicali
207 3912 348 3977 breviter
382 3911 749 3992 dentato-prominente
787 3909 963 3975 femoribus
996 3909 1187 3979 fusco-con·

54 4017 225 4099 spurcatis,
257 4016 358 4096 spinis
388 4016 491 4079 tribus
515 4014 641 4096 magnis
664 4015 714 4079 vel
736 4015 832 4078 tertia
856 4014 990 4091 minore,
1013 4014 1097 4079 inter
1120 4020 1186 4100 api·

55 4139 128 4184 cem
152 4126 182 4183 et
207 4118 334 4200 spinam
367 4119 505 4199 primam
540 4118 674 4199 spinulis
706 4125 855 4199 quatuor,
882 4116 965 4180 inter
994 4118 1131 4197 primam
1156 4128 1187 4184 et

53 4221 235 4287 secundam
266 4228 297 4285 et
320 4222 404 4286 inter
426 4223 512 4286 hanc
536 4229 568 4285 et
590 4222 717 4286 tertiam
741 4238 839 4300 saepe
863 4219 997 4300 spinulis
1023 4222 1114 4303 1-9,
1138 4227 1186 4291 ἰη-

1053 4344 1085 4395 18
