2946 5046
342 318 403 383 180

299 525 417 589 versim
429 525 606 605 impressus
618 528 650 586 et
660 527 809 604 utrinque
826 522 972 587 obsolete
988 522 1178 589 loreolatus.
1203 525 1316 607 Elytra
1330 545 1414 607 quan

298 628 330 690 in
356 624 392 688 T.
427 623 594 689 sollicitari
623 625 773 691 distinete
807 627 997 708 angustiora
1031 636 1063 691 et
1085 628 1301 692 transversim
1326 629 1444 708 magis·

298 747 454 808 convexa,
478 729 672 810 prothorace
696 730 802 810 paullo
826 730 943 793 latiora
965 737 998 794 et
1020 731 1091 811 plus
1114 749 1214 812 quam
1239 732 1337 812 triplo
1360 732 1418 796 lon-

296 833 398 914 giora,
424 833 524 913 nigra,
541 831 651 910 nitida,
676 833 805 895 macula
828 851 947 913 magna
963 833 1119 896 humerali
1138 833 1369 911 indetermina,
1384 835 1421 896 in-

296 938 423 999 terdum
452 933 519 998 fere
541 940 643 998 totam
668 942 793 1015 partem
817 934 962 999 basalem
986 943 1168 1016 occupante
1190 936 1313 1016 pallide
1336 944 1422 1001 testa·

297 1056 365 1116 cea,
400 1037 492 1118 apice
526 1038 711 1117 picescenti,
742 1037 828 1100 striis
855 1044 981 1101 tantum
1005 1037 1132 1101 duabus
1155 1056 1259 1119 prope
1283 1049 1422 1102 suturam

298 1142 377 1204 satis
411 1139 576 1217 obsoletis,
610 1140 728 1203 ceteris
751 1140 944 1219 obliteratis;
968 1141 1080 1204 striola
1103 1141 1221 1221 apicali
1246 1149 1279 1205 et
1304 1143 1424 1223 punctis

296 1242 443 1323 setigeris
473 1248 508 1306 ut
536 1243 568 1305 in
594 1241 630 1304 T.
654 1241 827 1306 scutellam:
872 1243 975 1308 Pedes
998 1242 1116 1325 pallide
1138 1243 1225 1320 flavi,
1250 1243 1425 1309 femoribus

296 1345 429 1427 posticis
453 1351 485 1409 et
507 1345 668 1409 interdum
692 1345 790 1409 etiam
815 1346 931 1410 mediis
954 1347 1061 1427 paullo
1083 1345 1262 1410 infuscatis.

263 1443 272 1457 '
398 1447 530 1511 Habitat
562 1447 621 1511 sub
654 1449 834 1530 quisquiliis
868 1450 898 1511 in
930 1450 1036 1513 littore
1059 1449 1185 1513 marino
1210 1450 1254 1512 ad
1277 1451 1424 1531 lagunem

296 1552 330 1614 El
354 1551 472 1614 Bahira
495 1569 596 1632 prope
619 1550 732 1615 urbem
756 1551 855 1615 Tunis
878 1553 910 1614 in
933 1550 1043 1616 Africa
1066 1551 1197 1631 boreali,
1223 1551 1279 1616 ubi
1306 1555 1336 1617 d.
1359 1555 1379 1617 4
1398 1564 1423 1618 et

300 1658 338 1716 14
365 1653 482 1735 Aprilis
514 1655 595 1717 1899
618 1654 799 1735 specimina
822 1655 908 1718 haud
932 1672 1038 1735 pauca
1061 1655 1131 1736 legi.
1176 1653 1289 1720 Primo
1316 1657 1425 1719 intuitu

297 1776 316 1820 a
353 1755 390 1818 T.
424 1753 598 1830 scutellum,
634 1757 687 1837 qui
721 1756 842 1820 ibidem
876 1757 1010 1838 copiose
1039 1757 1190 1835 occurrit,
1216 1758 1424 1839 dignoscitur.

398 1945 425 2006 t.
470 1947 592 2006 Anillus
615 1947 774 2006 abnormis
796 1942 822 2007 J.
846 1941 957 2008 Sahlb.

399 2062 669 2142 Rufo-testaceus,
704 2065 854 2127 antennis
882 2064 1083 2145 pedibusque
1106 2065 1346 2146 pallidioribus;
1369 2067 1425 2147 ely·

300 2186 360 2248 peo
384 2166 490 2229 medio
514 2167 651 2243 elevato,
675 2167 773 2230 sulcis
789 2166 981 2230 frontalibus
997 2167 1260 2247 obsoletioribuS,
1277 2168 1425 2232 distincte

298 2267 518 2347 bifoveolatis3
563 2269 712 2332 antennis
753 2269 897 2333 articulis
934 2270 1118 2350 penultimis
1154 2270 1423 2348 subtransuersis;

297 2371 491 2453 prothorace
514 2371 639 2451 postiee
662 2371 787 2436 fortiter
810 2379 993 2452 angustato,
1018 2372 1172 2436 lateribus
1194 2382 1274 2438 ante
1290 2377 1423 2457 angulos

296 2475 439 2554 posticas
452 2474 670 2538 acutiusculos
685 2475 798 2538 leviter
819 2476 963 2554 sinuatis,
984 2494 1083 2557 supra
1102 2475 1173 2540 basi
1195 2477 1354 2559 utrinque
1368 2479 1423 2541 im-

296 2595 408 2658 presso
418 2597 424 2655 ;
433 2577 541 2658 elytris
554 2577 640 2640 baud
652 2578 783 2656 striatiS,
793 2579 1164 2659 rugulosopunctulatis.
1180 2579 1281 2661 Long.
1294 2587 1343 2660 l,7
1356 2602 1424 2644 mm.

400 2679 426 2744 J.
464 2678 572 2743 Sahlb.
622 2678 794 2743 Verbundl.
826 2679 988 2746 Zara-bot.
1027 2679 1194 2744 Gesellscb.
1234 2682 1273 2746 in
1323 2681 1421 2756 Wieu,

293 2781 407 2865 Jatrp.
429 2781 522 2845 1900.

397 2885 528 2967 Species
552 2885 699 2965 insignis3
723 2885 831 2967 elytris
856 2887 940 2950 haud
964 2887 1095 2964 striatis,
1119 2887 1216 2951 sulcis
1232 2886 1422 2952 lrontalibus

294 2989 444 3052 distinete
478 2987 681 3052 bifoveolatis
715 2989 974 3070 prothoraceque
1016 2989 1109 3052 basin
1148 3007 1262 3054 versus
1301 2989 1422 3056 fortiter

294 3099 467 3172 angustato
502 3091 543 3154 ab
574 3091 723 3154 omnibus
746 3091 917 3172 speciebus
941 3093 1035 3172 hujus
1056 3093 1186 3173 generis
1209 3111 1287 3156 mox
1311 3094 1421 3158 distin-

293 3194 429 3275 guenda.
464 3231 501 3239 -
538 3193 643 3275 Caput
673 3195 753 3256 satis
787 3213 950 3275 magnum,
984 3197 1049 3260 late
1082 3202 1227 3274 ovatum,
1259 3197 1419 3272 sublaeve,

293 3297 589 3375 convexiuseulum,
614 3298 726 3378 clypeo
743 3297 1097 3380 subgibboso-elevato,
1115 3299 1213 3363 sulcis
1228 3298 1420 3365 frontalibus

293 3400 456 3475 obsoletis
492 3401 548 3462 sed
583 3398 718 3463 ioveolis
753 3400 878 3463 duabus
913 3401 1018 3464 minus
1049 3402 1114 3465 late
1147 3401 1346 3466 distantibus
1375 3407 1419 3466 in-

292 3510 424 3581 structo,
450 3503 635 3566 mandibula
666 3504 796 3566 sinistra
820 3511 912 3567 extus
935 3504 1032 3568 dente
1055 3511 1152 3569 acuto
1176 3507 1311 3570 munita.
1357 3507 1418 3570 An·

292 3614 409 3668 tennae
433 3607 636 3686 prothoraeis
659 3606 752 3670 basin
776 3608 828 3668 vix
855 3609 1059 3688 attingentes,
1095 3608 1211 3689 pallide
1245 3615 1417 3682 testaceos,

292 3709 517 3789 pubescentes,
553 3710 688 3773 articulo
723 3710 774 3772 2:o
808 3710 858 3773 3:0
893 3711 1044 3774 distincte
1071 3711 1217 3792 longiore
1240 3719 1274 3776 et
1297 3713 1417 3785 latiore,

292 3815 468 3891 obconieis,
503 3813 553 3876 4:0
581 3814 765 3892 rotundato,
800 3816 907 3878 5-10
931 3815 1129 3894 longitudine
1152 3814 1218 3879 iere
1241 3816 1417 3890 latioribus,

291 3918 403 3980 ultimo
438 3923 545 3980 ovato.
589 3916 771 3980 Protborax
806 3917 913 3980 antiae
948 3917 1147 3997 longitudine
1179 3919 1291 3998 paullo
1314 3920 1415 3991 latior,

291 4019 384 4082 basin
407 4039 519 4083 versus
542 4020 664 4082 sensim
689 4019 814 4083 sortiter
836 4027 1035 4100 angustatus,
1060 4019 1130 4083 basi
1154 4019 1262 4101 capite
1278 4021 1345 4085 fere
1361 4041 1415 4085 au-

290 4125 422 4202 gustior,
447 4123 600 4186 lateribus
624 4134 699 4187 ante
723 4124 859 4203 angulos
883 4123 1011 4186 basales
1034 4123 1255 4187 acutiusculos
1271 4126 1407 4189 sinuatis

291 4246 388 4307 supra
421 4225 665 4307 subdepressus,
694 4227 866 4305 sublaevis,
902 4227 1030 4304 nitidus
1067 4226 1173 4291 medio
1209 4226 1297 4292 linea
1319 4228 1415 4292 subti-
