<?xml version="1.0" encoding="UTF-8"?>
<!DOCTYPE html PUBLIC "-//W3C//DTD XHTML 1.0 Transitional//EN"
    "http://www.w3.org/TR/xhtml1/DTD/xhtml1-transitional.dtd">
<html xmlns="http://www.w3.org/1999/xhtml" xml:lang="en" lang="en">
 <head>
  <title>
</title>
<meta http-equiv="Content-Type" content="text/html;charset=utf-8" />
  <meta name='ocr-system' content='tesseract 3.04.00' />
  <meta name='ocr-capabilities' content='ocr_page ocr_carea ocr_par ocr_line ocrx_word'/>
</head>
<body>
  <div class='ocr_page' id='page_1' title='image "./departicularumq00hidgoog/departicularumq00hidgoog_0226.png"; bbox 0 0 2946 5046; ppageno 0'>
   <div class='ocr_carea' id='block_1_1' title="bbox 1087 250 1148 366">
    <p class='ocr_par' dir='ltr' id='par_1_1' title="bbox 1087 250 1148 366">
     <span class='ocr_line' id='line_1_1' title="bbox 1087 250 1148 366; baseline 0.033 -2"><span class='ocrx_word' id='word_1_1' title='bbox 1087 250 1148 366; x_wconf 65' lang='lat'>185</span> 
     </span>
    </p>
   </div>
   <div class='ocr_carea' id='block_1_2' title="bbox 22 505 1191 2236">
    <p class='ocr_par' dir='ltr' id='par_1_2' title="bbox 22 505 1191 1616">
     <span class='ocr_line' id='line_1_2' title="bbox 45 505 1191 589; baseline 0.007 -25"><span class='ocrx_word' id='word_1_2' title='bbox 45 522 152 582; x_wconf 83' lang='lat' dir='ltr'>-vexo,</span> <span class='ocrx_word' id='word_1_3' title='bbox 173 505 259 568; x_wconf 87' lang='lat' dir='ltr'>baud</span> <span class='ocrx_word' id='word_1_4' title='bbox 281 505 507 584; x_wconf 82' lang='lat' dir='ltr'>canaliculato,</span> <span class='ocrx_word' id='word_1_5' title='bbox 520 505 688 584; x_wconf 80' lang='lat' dir='ltr'>subtiliter,</span> <span class='ocrx_word' id='word_1_6' title='bbox 700 507 826 588; x_wconf 91' lang='lat' dir='ltr'>postice</span> <span class='ocrx_word' id='word_1_7' title='bbox 845 505 1003 587; x_wconf 86' lang='lat' dir='ltr'><strong>profunde</strong></span> <span class='ocrx_word' id='word_1_8' title='bbox 1023 515 1191 589; x_wconf 89' lang='lat' dir='ltr'>punctatu,</span> 
     </span>
     <span class='ocr_line' id='line_1_3' title="bbox 57 607 1190 691; baseline 0.004 -21"><span class='ocrx_word' id='word_1_9' title='bbox 57 615 264 672; x_wconf 89' lang='lat' dir='ltr'>mesosterno</span> <span class='ocrx_word' id='word_1_10' title='bbox 299 607 466 688; x_wconf 85' lang='lat' dir='ltr'>subtiliter,</span> <span class='ocrx_word' id='word_1_11' title='bbox 504 615 702 673; x_wconf 91' lang='lat' dir='ltr'>metasteruo</span> <span class='ocrx_word' id='word_1_12' title='bbox 730 609 837 673; x_wconf 91' lang='lat' dir='ltr'>medio</span> <span class='ocrx_word' id='word_1_13' title='bbox 871 607 996 673; x_wconf 85' lang='lat' dir='ltr'>fortiter</span> <span class='ocrx_word' id='word_1_14' title='bbox 1024 616 1190 691; x_wconf 84' lang='lat' dir='ltr'>punctato,</span> 
     </span>
     <span class='ocr_line' id='line_1_4' title="bbox 56 708 1191 790; baseline 0.003 -19"><span class='ocrx_word' id='word_1_15' title='bbox 56 708 215 774; x_wconf 87' lang='lat' dir='ltr'>lateribus</span> <span class='ocrx_word' id='word_1_16' title='bbox 237 710 455 790; x_wconf 88' lang='lat' dir='ltr'>sublaevibus,</span> <span class='ocrx_word' id='word_1_17' title='bbox 479 712 542 776; x_wconf 90' lang='lat' dir='ltr'>hoc</span> <span class='ocrx_word' id='word_1_18' title='bbox 566 713 650 776; x_wconf 92' lang='lat' dir='ltr'>inter</span> <span class='ocrx_word' id='word_1_19' title='bbox 672 730 771 776; x_wconf 82' lang='lat' dir='ltr'>coxas</span> <span class='ocrx_word' id='word_1_20' title='bbox 795 710 922 777; x_wconf 87' lang='lat' dir='ltr'>foveola</span> <span class='ocrx_word' id='word_1_21' title='bbox 937 712 1113 777; x_wconf 75' lang='lat' dir='ltr'>rotundatu</span> <span class='ocrx_word' id='word_1_22' title='bbox 1131 714 1191 775; x_wconf 91' lang='lat' dir='ltr'>im-</span> 
     </span>
     <span class='ocr_line' id='line_1_5' title="bbox 56 813 1189 897; baseline 0.004 -23"><span class='ocrx_word' id='word_1_23' title='bbox 56 830 187 894; x_wconf 90' lang='lat' dir='ltr'>pressa;</span> <span class='ocrx_word' id='word_1_24' title='bbox 223 813 352 877; x_wconf 89' lang='lat' dir='ltr'>laminis</span> <span class='ocrx_word' id='word_1_25' title='bbox 384 832 540 878; x_wconf 85' lang='lat' dir='ltr'>coxarum</span> <span class='ocrx_word' id='word_1_26' title='bbox 575 815 775 896; x_wconf 80' lang='lat' dir='ltr'>poeticarum</span> <span class='ocrx_word' id='word_1_27' title='bbox 819 813 977 894; x_wconf 85' lang='lat' dir='ltr'>profunde</span> <span class='ocrx_word' id='word_1_28' title='bbox 1018 818 1189 897; x_wconf 88' lang='lat' dir='ltr'>punctatis,</span> 
     </span>
     <span class='ocr_line' id='line_1_6' title="bbox 22 906 1189 998; baseline 0.002 -19"><span class='ocrx_word' id='word_1_29' title='bbox 22 906 27 918; x_wconf 79' lang='grc'><strong><em>’</em></strong></span> <span class='ocrx_word' id='word_1_30' title='bbox 56 915 236 980; x_wconf 85' lang='lat' dir='ltr'>abdomine</span> <span class='ocrx_word' id='word_1_31' title='bbox 269 915 501 998; x_wconf 90' lang='lat' dir='ltr'>sublaevigato,</span> <span class='ocrx_word' id='word_1_32' title='bbox 536 917 664 998; x_wconf 89' lang='lat' dir='ltr'>punctis</span> <span class='ocrx_word' id='word_1_33' title='bbox 698 919 729 980; x_wconf 94' lang='lat' dir='ltr'>in</span> <span class='ocrx_word' id='word_1_34' title='bbox 765 918 947 982; x_wconf 88' lang='lat' dir='ltr'>canalicula</span> <span class='ocrx_word' id='word_1_35' title='bbox 981 920 1189 983; x_wconf 88' lang='lat' dir='ltr'>transversali</span> 
     </span>
     <span class='ocr_line' id='line_1_7' title="bbox 56 1020 1191 1103; baseline 0.004 -21"><span class='ocrx_word' id='word_1_36' title='bbox 56 1025 305 1099; x_wconf 83' lang='lat' dir='ltr'>sagmentmum</span> <span class='ocrx_word' id='word_1_37' title='bbox 328 1020 431 1101; x_wconf 82' lang='lat' dir='ltr'>quarti</span> <span class='ocrx_word' id='word_1_38' title='bbox 455 1027 487 1083; x_wconf 95' lang='lat' dir='ltr'>et</span> <span class='ocrx_word' id='word_1_39' title='bbox 510 1021 611 1102; x_wconf 85' lang='lat' dir='ltr'>quinti</span> <span class='ocrx_word' id='word_1_40' title='bbox 629 1027 663 1085; x_wconf 92' lang='lat' dir='ltr'>ut</span> <span class='ocrx_word' id='word_1_41' title='bbox 686 1027 718 1086; x_wconf 91' lang='lat' dir='ltr'>et</span> <span class='ocrx_word' id='word_1_42' title='bbox 741 1022 773 1084; x_wconf 91' lang='lat' dir='ltr'>in</span> <span class='ocrx_word' id='word_1_43' title='bbox 797 1021 891 1102; x_wconf 89' lang='lat' dir='ltr'>apice</span> <span class='ocrx_word' id='word_1_44' title='bbox 913 1023 1071 1103; x_wconf 81' lang='lat' dir='ltr'>segmenti</span> <span class='ocrx_word' id='word_1_45' title='bbox 1087 1023 1191 1086; x_wconf 91' lang='lat' dir='ltr'>analis</span> 
     </span>
     <span class='ocr_line' id='line_1_8' title="bbox 57 1119 1189 1206; baseline 0.003 -22"><span class='ocrx_word' id='word_1_46' title='bbox 57 1140 157 1203; x_wconf 88' lang='lat' dir='ltr'>qvam</span> <span class='ocrx_word' id='word_1_47' title='bbox 192 1122 225 1184; x_wconf 93' lang='lat' dir='ltr'>in</span> <span class='ocrx_word' id='word_1_48' title='bbox 259 1119 303 1186; x_wconf 89' lang='lat' dir='ltr'>H.</span> <span class='ocrx_word' id='word_1_49' title='bbox 337 1122 502 1206; x_wconf 72' lang='lat' dir='ltr'>variegata</span> <span class='ocrx_word' id='word_1_50' title='bbox 536 1123 764 1188; x_wconf 88' lang='lat' dir='ltr'>subtilioribus.</span> <span class='ocrx_word' id='word_1_51' title='bbox 809 1123 921 1188; x_wconf 86' lang='lat' dir='ltr'>Tibiae</span> <span class='ocrx_word' id='word_1_52' title='bbox 944 1126 1091 1205; x_wconf 87' lang='lat' dir='ltr'>posticae</span> <span class='ocrx_word' id='word_1_53' title='bbox 1115 1145 1189 1190; x_wconf 91' lang='lat' dir='ltr'>cur-</span> 
     </span>
     <span class='ocr_line' id='line_1_9' title="bbox 57 1226 1190 1312; baseline 0.003 -25"><span class='ocrx_word' id='word_1_54' title='bbox 57 1232 166 1303; x_wconf 88' lang='lat' dir='ltr'>vatae,</span> <span class='ocrx_word' id='word_1_55' title='bbox 203 1231 295 1288; x_wconf 88' lang='lat' dir='ltr'>extus</span> <span class='ocrx_word' id='word_1_56' title='bbox 328 1226 460 1312; x_wconf 81' lang='lat' dir='ltr'>glabrae</span> <span class='ocrx_word' id='word_1_57' title='bbox 495 1234 527 1292; x_wconf 93' lang='lat' dir='ltr'>et</span> <span class='ocrx_word' id='word_1_58' title='bbox 561 1228 632 1309; x_wconf 92' lang='lat' dir='ltr'>pilis</span> <span class='ocrx_word' id='word_1_59' title='bbox 664 1234 790 1292; x_wconf 91' lang='lat' dir='ltr'>tantum</span> <span class='ocrx_word' id='word_1_60' title='bbox 825 1227 1003 1291; x_wconf 90' lang='lat' dir='ltr'>biseriatim</span> <span class='ocrx_word' id='word_1_61' title='bbox 1027 1227 1190 1312; x_wconf 87' lang='lat' dir='ltr'>dispositis</span> 
     </span>
     <span class='ocr_line' id='line_1_10' title="bbox 59 1327 1191 1412; baseline 0.003 -23"><span class='ocrx_word' id='word_1_62' title='bbox 59 1327 215 1406; x_wconf 88' lang='lat' dir='ltr'>munitae,</span> <span class='ocrx_word' id='word_1_63' title='bbox 252 1328 338 1391; x_wconf 91' lang='lat' dir='ltr'>intus</span> <span class='ocrx_word' id='word_1_64' title='bbox 372 1329 452 1393; x_wconf 90' lang='lat' dir='ltr'>ciliis</span> <span class='ocrx_word' id='word_1_65' title='bbox 485 1331 656 1394; x_wconf 87' lang='lat' dir='ltr'>natatoriis</span> <span class='ocrx_word' id='word_1_66' title='bbox 684 1331 806 1412; x_wconf 80' lang='lat' dir='ltr'>paucis,</span> <span class='ocrx_word' id='word_1_67' title='bbox 850 1329 942 1393; x_wconf 88' lang='lat' dir='ltr'>Tarsi</span> <span class='ocrx_word' id='word_1_68' title='bbox 964 1330 1081 1409; x_wconf 89' lang='lat' dir='ltr'>postici</span> <span class='ocrx_word' id='word_1_69' title='bbox 1104 1330 1191 1393; x_wconf 90' lang='lat' dir='ltr'>tibiis</span> 
     </span>
     <span class='ocr_line' id='line_1_11' title="bbox 58 1430 1190 1515; baseline 0.004 -23"><span class='ocrx_word' id='word_1_70' title='bbox 58 1430 212 1495; x_wconf 86' lang='lat' dir='ltr'>distincte</span> <span class='ocrx_word' id='word_1_71' title='bbox 246 1430 419 1513; x_wconf 70' lang='lat' dir='ltr'>longiores</span> <span class='ocrx_word' id='word_1_72' title='bbox 443 1434 580 1498; x_wconf 86' lang='lat' dir='ltr'>articulo</span> <span class='ocrx_word' id='word_1_73' title='bbox 602 1434 708 1515; x_wconf 92' lang='lat' dir='ltr'>primo</span> <span class='ocrx_word' id='word_1_74' title='bbox 731 1434 874 1497; x_wconf 89' lang='lat' dir='ltr'>secundo</span> <span class='ocrx_word' id='word_1_75' title='bbox 898 1433 1005 1513; x_wconf 91' lang='lat' dir='ltr'>paullo</span> <span class='ocrx_word' id='word_1_76' title='bbox 1030 1434 1190 1497; x_wconf 85' lang='lat' dir='ltr'>crassiore</span> 
     </span>
     <span class='ocr_line' id='line_1_12' title="bbox 58 1533 974 1616; baseline 0.003 -21"><span class='ocrx_word' id='word_1_77' title='bbox 58 1538 89 1596; x_wconf 91' lang='lat' dir='ltr'>et</span> <span class='ocrx_word' id='word_1_78' title='bbox 112 1533 224 1614; x_wconf 90' lang='lat' dir='ltr'>sesqvi</span> <span class='ocrx_word' id='word_1_79' title='bbox 248 1533 404 1614; x_wconf 88' lang='lat' dir='ltr'>longiore,</span> <span class='ocrx_word' id='word_1_80' title='bbox 427 1536 478 1599; x_wconf 88' lang='lat' dir='ltr'>3:o</span> <span class='ocrx_word' id='word_1_81' title='bbox 502 1536 664 1616; x_wconf 88' lang='lat' dir='ltr'>contiguis</span> <span class='ocrx_word' id='word_1_82' title='bbox 687 1535 794 1616; x_wconf 90' lang='lat' dir='ltr'>paullo</span> <span class='ocrx_word' id='word_1_83' title='bbox 817 1535 974 1600; x_wconf 85' lang='lat' dir='ltr'>breviore.</span> 
     </span>
    </p>

    <p class='ocr_par' dir='ltr' id='par_1_3' title="bbox 57 1635 1190 2236">
     <span class='ocr_line' id='line_1_13' title="bbox 163 1635 1189 1721; baseline 0.004 -23"><span class='ocrx_word' id='word_1_84' title='bbox 163 1635 296 1700; x_wconf 88' lang='lat' dir='ltr'>Habitat</span> <span class='ocrx_word' id='word_1_85' title='bbox 319 1637 350 1700; x_wconf 93' lang='lat' dir='ltr'>in</span> <span class='ocrx_word' id='word_1_86' title='bbox 375 1638 500 1702; x_wconf 91' lang='lat' dir='ltr'>lacunis</span> <span class='ocrx_word' id='word_1_87' title='bbox 523 1637 715 1703; x_wconf 91' lang='lat' dir='ltr'>hiemalibus</span> <span class='ocrx_word' id='word_1_88' title='bbox 738 1638 863 1702; x_wconf 89' lang='lat' dir='ltr'>insulae</span> <span class='ocrx_word' id='word_1_89' title='bbox 884 1636 1047 1721; x_wconf 85' lang='lat' dir='ltr'>Corcyrae</span> <span class='ocrx_word' id='word_1_90' title='bbox 1059 1639 1189 1719; x_wconf 86' lang='lat' dir='ltr'>passim.</span> 
     </span>
     <span class='ocr_line' id='line_1_14' title="bbox 58 1737 1190 1822; baseline 0.003 -21"><span class='ocrx_word' id='word_1_91' title='bbox 58 1739 165 1819; x_wconf 88' lang='lat' dir='ltr'>Prope</span> <span class='ocrx_word' id='word_1_92' title='bbox 198 1737 317 1803; x_wconf 81' lang='lat' dir='ltr'>ssunren</span> <span class='ocrx_word' id='word_1_93' title='bbox 340 1738 620 1822; x_wconf 85' lang='lat' dir='ltr'>Stravopotamos,</span> <span class='ocrx_word' id='word_1_94' title='bbox 644 1741 685 1804; x_wconf 92' lang='lat' dir='ltr'>ad</span> <span class='ocrx_word' id='word_1_95' title='bbox 710 1741 815 1804; x_wconf 92' lang='lat' dir='ltr'>vicum</span> <span class='ocrx_word' id='word_1_96' title='bbox 850 1740 971 1813; x_wconf 80' lang='lat' dir='ltr'>Chalia,</span> <span class='ocrx_word' id='word_1_97' title='bbox 1007 1743 1039 1804; x_wconf 89' lang='lat' dir='ltr'>in</span> <span class='ocrx_word' id='word_1_98' title='bbox 1073 1742 1190 1805; x_wconf 89' lang='lat' dir='ltr'>lacuna</span> 
     </span>
     <span class='ocr_line' id='line_1_15' title="bbox 57 1840 1190 1924; baseline 0.003 -21"><span class='ocrx_word' id='word_1_99' title='bbox 57 1840 249 1923; x_wconf 87' lang='lat' dir='ltr'>Katapinos,</span> <span class='ocrx_word' id='word_1_100' title='bbox 263 1860 364 1923; x_wconf 91' lang='lat' dir='ltr'>prope</span> <span class='ocrx_word' id='word_1_101' title='bbox 386 1843 505 1906; x_wconf 90' lang='lat' dir='ltr'>ostium</span> <span class='ocrx_word' id='word_1_102' title='bbox 530 1842 671 1906; x_wconf 86' lang='lat' dir='ltr'>fluminis</span> <span class='ocrx_word' id='word_1_103' title='bbox 694 1842 830 1907; x_wconf 86' lang='lat' dir='ltr'>Potamo</span> <span class='ocrx_word' id='word_1_104' title='bbox 848 1849 879 1907; x_wconf 92' lang='lat' dir='ltr'>et</span> <span class='ocrx_word' id='word_1_105' title='bbox 895 1843 926 1906; x_wconf 93' lang='lat' dir='ltr'>in</span> <span class='ocrx_word' id='word_1_106' title='bbox 942 1843 1033 1908; x_wconf 88' lang='lat' dir='ltr'>Valle</span> <span class='ocrx_word' id='word_1_107' title='bbox 1049 1844 1081 1906; x_wconf 94' lang='lat' dir='ltr'>di</span> <span class='ocrx_word' id='word_1_108' title='bbox 1097 1843 1190 1924; x_wconf 88' lang='lat' dir='ltr'>Ropa</span> 
     </span>
     <span class='ocr_line' id='line_1_16' title="bbox 59 1944 1188 2028; baseline 0.003 -22"><span class='ocrx_word' id='word_1_109' title='bbox 59 1962 161 2007; x_wconf 92' lang='lat' dir='ltr'>mens.</span> <span class='ocrx_word' id='word_1_110' title='bbox 198 1944 486 2010; x_wconf 85' lang='lat' dir='ltr'>Novemb-Febr.</span> <span class='ocrx_word' id='word_1_111' title='bbox 519 1946 698 2026; x_wconf 88' lang='lat' dir='ltr'>specimina</span> <span class='ocrx_word' id='word_1_112' title='bbox 733 1946 818 2009; x_wconf 90' lang='lat' dir='ltr'>haud</span> <span class='ocrx_word' id='word_1_113' title='bbox 854 1965 958 2027; x_wconf 89' lang='lat' dir='ltr'>pauca</span> <span class='ocrx_word' id='word_1_114' title='bbox 993 1947 1060 2028; x_wconf 89' lang='lat' dir='ltr'>legi.</span> <span class='ocrx_word' id='word_1_115' title='bbox 1106 1945 1188 2028; x_wconf 88' lang='lat' dir='ltr'>(Sub</span> 
     </span>
     <span class='ocr_line' id='line_1_17' title="bbox 57 2045 1189 2131; baseline 0.004 -22"><span class='ocrx_word' id='word_1_116' title='bbox 57 2047 195 2110; x_wconf 90' lang='lat' dir='ltr'>nomine</span> <span class='ocrx_word' id='word_1_117' title='bbox 216 2045 261 2109; x_wconf 87' lang='grc' dir='ltr'>Η.</span> <span class='ocrx_word' id='word_1_118' title='bbox 281 2047 486 2128; x_wconf 68' lang='lat' dir='ltr'>guntheramo</span> <span class='ocrx_word' id='word_1_119' title='bbox 510 2069 550 2112; x_wconf 89' lang='lat' dir='ltr'>m.</span> <span class='ocrx_word' id='word_1_120' title='bbox 567 2059 665 2114; x_wconf 91' lang='lat' dir='ltr'>autea</span> <span class='ocrx_word' id='word_1_121' title='bbox 681 2050 950 2129; x_wconf 86' lang='lat' dir='ltr'>communicatus,</span> <span class='ocrx_word' id='word_1_122' title='bbox 968 2050 1053 2131; x_wconf 89' lang='lat' dir='ltr'>qvod</span> <span class='ocrx_word' id='word_1_123' title='bbox 1069 2068 1189 2115; x_wconf 91' lang='lat' dir='ltr'>nomen</span> 
     </span>
     <span class='ocr_line' id='line_1_18' title="bbox 57 2149 1189 2236; baseline 0.001 -23"><span class='ocrx_word' id='word_1_124' title='bbox 57 2150 100 2213; x_wconf 93' lang='lat' dir='ltr'>ob</span> <span class='ocrx_word' id='word_1_125' title='bbox 125 2149 163 2212; x_wconf 90' lang='lat' dir='ltr'>H.</span> <span class='ocrx_word' id='word_1_126' title='bbox 188 2151 414 2230; x_wconf 88' lang='lat' dir='ltr'>pantherinum</span> <span class='ocrx_word' id='word_1_127' title='bbox 438 2151 529 2216; x_wconf 85' lang='lat' dir='ltr'>Aube</span> <span class='ocrx_word' id='word_1_128' title='bbox 552 2171 590 2217; x_wconf 81' lang='lat' dir='ltr'>eu</span> <span class='ocrx_word' id='word_1_129' title='bbox 606 2151 758 2216; x_wconf 83' lang='lat' dir='ltr'>America</span> <span class='ocrx_word' id='word_1_130' title='bbox 774 2151 899 2216; x_wconf 90' lang='lat' dir='ltr'>boreali</span> <span class='ocrx_word' id='word_1_131' title='bbox 916 2152 1105 2216; x_wconf 89' lang='lat' dir='ltr'>mutandum</span> <span class='ocrx_word' id='word_1_132' title='bbox 1119 2151 1189 2236; x_wconf 87' lang='lat' dir='ltr'>est.)</span> 
     </span>
    </p>
   </div>
   <div class='ocr_carea' id='block_1_3' title="bbox 453 2531 798 2627">
    <p class='ocr_par' dir='ltr' id='par_1_4' title="bbox 453 2531 798 2627">
     <span class='ocr_line' id='line_1_19' title="bbox 453 2531 798 2627; baseline 0.003 -21"><span class='ocrx_word' id='word_1_133' title='bbox 453 2531 798 2627; x_wconf 83' lang='lat' dir='ltr'>Hydrophilidae.</span> 
     </span>
    </p>
   </div>
   <div class='ocr_carea' id='block_1_4' title="bbox 167 2717 834 2797">
    <p class='ocr_par' dir='ltr' id='par_1_5' title="bbox 167 2717 834 2797">
     <span class='ocr_line' id='line_1_20' title="bbox 167 2717 834 2797; baseline 0.004 -21"><span class='ocrx_word' id='word_1_134' title='bbox 167 2717 214 2777; x_wconf 88' lang='lat' dir='ltr'>ll.</span> <span class='ocrx_word' id='word_1_135' title='bbox 258 2717 446 2794; x_wconf 85' lang='lat' dir='ltr'>Philbydrus</span> <span class='ocrx_word' id='word_1_136' title='bbox 469 2717 713 2779; x_wconf 86' lang='lat' dir='ltr'>mediterraneus</span> <span class='ocrx_word' id='word_1_137' title='bbox 735 2735 765 2779; x_wconf 92' lang='lat' dir='ltr'>n.</span> <span class='ocrx_word' id='word_1_138' title='bbox 789 2736 834 2797; x_wconf 91' lang='lat' dir='ltr'>sp.</span> 
     </span>
    </p>
   </div>
   <div class='ocr_carea' id='block_1_5' title="bbox 56 2833 1192 3740">
    <p class='ocr_par' dir='ltr' id='par_1_6' title="bbox 56 2833 1192 3740">
     <span class='ocr_line' id='line_1_21' title="bbox 164 2833 1189 2918; baseline -0.001 -18"><span class='ocrx_word' id='word_1_139' title='bbox 164 2833 445 2918; x_wconf 89' lang='lat' dir='ltr'>Oblongo-ovalis‚</span> <span class='ocrx_word' id='word_1_140' title='bbox 472 2837 598 2902; x_wconf 85' lang='lat' dir='ltr'>modice</span> <span class='ocrx_word' id='word_1_141' title='bbox 622 2856 798 2915; x_wconf 84' lang='lat' dir='ltr'>convexus,</span> <span class='ocrx_word' id='word_1_142' title='bbox 822 2837 1116 2918; x_wconf 79' lang='lat' dir='ltr'>grisco-testaceus</span> <span class='ocrx_word' id='word_1_143' title='bbox 1146 2838 1189 2900; x_wconf 90' lang='lat' dir='ltr'>ni·</span> 
     </span>
     <span class='ocr_line' id='line_1_22' title="bbox 56 2938 1189 3023; baseline 0.003 -21"><span class='ocrx_word' id='word_1_144' title='bbox 56 2939 155 3012; x_wconf 71' lang='lat' dir='ltr'>lidus</span> <span class='ocrx_word' id='word_1_145' title='bbox 179 2938 292 3004; x_wconf 85' lang='lat' dir='ltr'>crebre</span> <span class='ocrx_word' id='word_1_146' title='bbox 315 2940 473 3005; x_wconf 89' lang='lat' dir='ltr'>subtiliter</span> <span class='ocrx_word' id='word_1_147' title='bbox 496 2947 680 3021; x_wconf 88' lang='lat' dir='ltr'>punctatus,</span> <span class='ocrx_word' id='word_1_148' title='bbox 704 2941 808 3022; x_wconf 91' lang='lat' dir='ltr'>palpis</span> <span class='ocrx_word' id='word_1_149' title='bbox 830 2940 1046 3023; x_wconf 82' lang='lat' dir='ltr'>antennisque</span> <span class='ocrx_word' id='word_1_150' title='bbox 1068 2960 1189 3005; x_wconf 85' lang='lat' dir='ltr'>conco-</span> 
     </span>
     <span class='ocr_line' id='line_1_23' title="bbox 57 3040 1189 3123; baseline 0.002 -20"><span class='ocrx_word' id='word_1_151' title='bbox 57 3040 192 3120; x_wconf 72' lang='lat' dir='ltr'>loribus</span> <span class='ocrx_word' id='word_1_152' title='bbox 218 3060 355 3123; x_wconf 92' lang='lat' dir='ltr'>corpore</span> <span class='ocrx_word' id='word_1_153' title='bbox 378 3041 491 3106; x_wconf 91' lang='lat' dir='ltr'>subtus</span> <span class='ocrx_word' id='word_1_154' title='bbox 513 3042 728 3123; x_wconf 87' lang='lat' dir='ltr'>nigro-piceo,</span> <span class='ocrx_word' id='word_1_155' title='bbox 753 3044 892 3108; x_wconf 84' lang='lat' dir='ltr'>tenuiter</span> <span class='ocrx_word' id='word_1_156' title='bbox 921 3050 952 3107; x_wconf 91' lang='lat' dir='ltr'>et</span> <span class='ocrx_word' id='word_1_157' title='bbox 981 3042 1119 3107; x_wconf 92' lang='lat' dir='ltr'>breviter</span> <span class='ocrx_word' id='word_1_158' title='bbox 1145 3044 1189 3106; x_wconf 89' lang='lat' dir='ltr'>al-</span> 
     </span>
     <span class='ocr_line' id='line_1_24' title="bbox 56 3145 1189 3228; baseline 0.002 -21"><span class='ocrx_word' id='word_1_159' title='bbox 56 3145 362 3227; x_wconf 89' lang='lat' dir='ltr'>bido-pubescente,</span> <span class='ocrx_word' id='word_1_160' title='bbox 376 3145 512 3226; x_wconf 87' lang='lat' dir='ltr'>pedibus</span> <span class='ocrx_word' id='word_1_161' title='bbox 534 3146 787 3225; x_wconf 85' lang='lat' dir='ltr'>rulo-testaceis,</span> <span class='ocrx_word' id='word_1_162' title='bbox 811 3145 987 3210; x_wconf 83' lang='lat' dir='ltr'>semoribus</span> <span class='ocrx_word' id='word_1_163' title='bbox 1002 3147 1065 3211; x_wconf 91' lang='lat' dir='ltr'>late</span> <span class='ocrx_word' id='word_1_164' title='bbox 1082 3148 1189 3228; x_wconf 89' lang='lat' dir='ltr'>nigro-</span> 
     </span>
     <span class='ocr_line' id='line_1_25' title="bbox 58 3248 1190 3330; baseline 0.001 -19"><span class='ocrx_word' id='word_1_165' title='bbox 58 3249 194 3323; x_wconf 87' lang='lat' dir='ltr'>vittatis‚</span> <span class='ocrx_word' id='word_1_166' title='bbox 229 3248 406 3314; x_wconf 88' lang='lat' dir='ltr'>abdomine</span> <span class='ocrx_word' id='word_1_167' title='bbox 442 3250 549 3314; x_wconf 90' lang='lat' dir='ltr'>medio</span> <span class='ocrx_word' id='word_1_168' title='bbox 584 3250 859 3330; x_wconf 89' lang='lat' dir='ltr'>longitudinaliter</span> <span class='ocrx_word' id='word_1_169' title='bbox 894 3249 996 3329; x_wconf 89' lang='lat' dir='ltr'>magis</span> <span class='ocrx_word' id='word_1_170' title='bbox 1034 3267 1190 3328; x_wconf 72' lang='lat' dir='ltr'>convene,</span> 
     </span>
     <span class='ocr_line' id='line_1_26' title="bbox 58 3350 1190 3434; baseline -0.001 -20"><span class='ocrx_word' id='word_1_171' title='bbox 58 3350 258 3432; x_wconf 91' lang='lat' dir='ltr'>prothorace</span> <span class='ocrx_word' id='word_1_172' title='bbox 300 3353 429 3432; x_wconf 90' lang='lat' dir='ltr'>punctis</span> <span class='ocrx_word' id='word_1_173' title='bbox 470 3356 491 3415; x_wconf 81' lang='lat'>4</span> <span class='ocrx_word' id='word_1_174' title='bbox 529 3352 685 3434; x_wconf 90' lang='lat' dir='ltr'>labroque</span> <span class='ocrx_word' id='word_1_175' title='bbox 722 3353 754 3415; x_wconf 91' lang='lat' dir='ltr'>in</span> <span class='ocrx_word' id='word_1_176' title='bbox 792 3351 912 3416; x_wconf 89' lang='lat' dir='ltr'>femina</span> <span class='ocrx_word' id='word_1_177' title='bbox 949 3351 1190 3431; x_wconf 85' lang='lat' dir='ltr'>nigricanlibus‚</span> 
     </span>
     <span class='ocr_line' id='line_1_27' title="bbox 58 3454 1192 3536; baseline -0.001 -18"><span class='ocrx_word' id='word_1_178' title='bbox 58 3454 171 3536; x_wconf 86' lang='lat' dir='ltr'>elytris</span> <span class='ocrx_word' id='word_1_179' title='bbox 205 3455 334 3534; x_wconf 90' lang='lat' dir='ltr'>punctis</span> <span class='ocrx_word' id='word_1_180' title='bbox 368 3456 573 3520; x_wconf 89' lang='lat' dir='ltr'>translucidis</span> <span class='ocrx_word' id='word_1_181' title='bbox 607 3456 767 3520; x_wconf 82' lang='lat' dir='ltr'>distinctis</span> <span class='ocrx_word' id='word_1_182' title='bbox 797 3463 828 3519; x_wconf 89' lang='lat' dir='ltr'>et</span> <span class='ocrx_word' id='word_1_183' title='bbox 851 3454 1064 3536; x_wconf 88' lang='lat' dir='ltr'>regularibus;</span> <span class='ocrx_word' id='word_1_184' title='bbox 1089 3473 1192 3518; x_wconf 93' lang='lat' dir='ltr'>meso·</span> 
     </span>
     <span class='ocr_line' id='line_1_28' title="bbox 58 3557 1191 3641; baseline -0.001 -21"><span class='ocrx_word' id='word_1_185' title='bbox 58 3557 161 3629; x_wconf 83' lang='lat' dir='ltr'>sterni</span> <span class='ocrx_word' id='word_1_186' title='bbox 185 3557 297 3620; x_wconf 89' lang='lat' dir='ltr'>carina</span> <span class='ocrx_word' id='word_1_187' title='bbox 322 3559 549 3639; x_wconf 86' lang='lat' dir='ltr'>rectangulari‚</span> <span class='ocrx_word' id='word_1_188' title='bbox 573 3561 666 3641; x_wconf 87' lang='lat' dir='ltr'>apice</span> <span class='ocrx_word' id='word_1_189' title='bbox 690 3558 1191 3639; x_wconf 88' lang='lat' dir='ltr'>obsoletedentato-prominulo.</span> 
     </span>
     <span class='ocr_line' id='line_1_29' title="bbox 59 3660 301 3740; baseline 0.008 -18"><span class='ocrx_word' id='word_1_190' title='bbox 59 3660 160 3740; x_wconf 83' lang='lat' dir='ltr'>Long.</span> <span class='ocrx_word' id='word_1_191' title='bbox 184 3660 203 3723; x_wconf 81' lang='lat'>5</span> <span class='ocrx_word' id='word_1_192' title='bbox 228 3680 301 3724; x_wconf 90' lang='lat' dir='ltr'>mm.</span> 
     </span>
    </p>
   </div>
   <div class='ocr_carea' id='block_1_6' title="bbox 59 3777 1190 3964">
    <p class='ocr_par' dir='ltr' id='par_1_7' title="bbox 59 3777 1190 3964">
     <span class='ocr_line' id='line_1_30' title="bbox 165 3777 1190 3860; baseline 0.001 -19"><span class='ocrx_word' id='word_1_193' title='bbox 165 3777 256 3842; x_wconf 85' lang='lat' dir='ltr'>Mas:</span> <span class='ocrx_word' id='word_1_194' title='bbox 291 3780 387 3843; x_wconf 91' lang='lat' dir='ltr'>tarsis</span> <span class='ocrx_word' id='word_1_195' title='bbox 421 3780 637 3845; x_wconf 88' lang='lat' dir='ltr'>anterioribus</span> <span class='ocrx_word' id='word_1_196' title='bbox 662 3781 833 3860; x_wconf 87' lang='lat' dir='ltr'>ungviculo</span> <span class='ocrx_word' id='word_1_197' title='bbox 861 3780 1023 3844; x_wconf 91' lang='lat' dir='ltr'>anteriore</span> <span class='ocrx_word' id='word_1_198' title='bbox 1047 3779 1190 3858; x_wconf 82' lang='lat' dir='ltr'>hamale,</span> 
     </span>
     <span class='ocr_line' id='line_1_31' title="bbox 59 3881 1099 3964; baseline 0.001 -20"><span class='ocrx_word' id='word_1_199' title='bbox 59 3882 133 3946; x_wconf 91' lang='lat' dir='ltr'>basi</span> <span class='ocrx_word' id='word_1_200' title='bbox 156 3882 240 3946; x_wconf 89' lang='lat' dir='ltr'>ultra</span> <span class='ocrx_word' id='word_1_201' title='bbox 264 3882 406 3946; x_wconf 91' lang='lat' dir='ltr'>medium</span> <span class='ocrx_word' id='word_1_202' title='bbox 431 3883 728 3963; x_wconf 84' lang='lat' dir='ltr'>dentato-dilatato;</span> <span class='ocrx_word' id='word_1_203' title='bbox 751 3882 842 3947; x_wconf 87' lang='lat' dir='ltr'>labro</span> <span class='ocrx_word' id='word_1_204' title='bbox 867 3883 982 3964; x_wconf 90' lang='lat' dir='ltr'>pallide</span> <span class='ocrx_word' id='word_1_205' title='bbox 1005 3881 1099 3946; x_wconf 90' lang='lat' dir='ltr'>flavo.</span> 
     </span>
    </p>
   </div>
   <div class='ocr_carea' id='block_1_7' title="bbox 58 4001 1190 4295">
    <p class='ocr_par' dir='ltr' id='par_1_8' title="bbox 58 4001 1190 4295">
     <span class='ocr_line' id='line_1_32' title="bbox 177 4001 1190 4086; baseline 0 -22"><span class='ocrx_word' id='word_1_206' title='bbox 177 4001 247 4067; x_wconf 82' lang='lat' dir='ltr'>Var.</span> <span class='ocrx_word' id='word_1_207' title='bbox 270 4001 295 4067; x_wconf 85' lang='lat' dir='ltr'>b.</span> <span class='ocrx_word' id='word_1_208' title='bbox 320 4004 560 4084; x_wconf 73' lang='lat' dir='ltr'>ladascaspico:</span> <span class='ocrx_word' id='word_1_209' title='bbox 583 4013 751 4086; x_wconf 87' lang='lat' dir='ltr'>segmento</span> <span class='ocrx_word' id='word_1_210' title='bbox 764 4005 941 4086; x_wconf 89' lang='lat' dir='ltr'>penultimo</span> <span class='ocrx_word' id='word_1_211' title='bbox 957 4002 1091 4065; x_wconf 88' lang='lat' dir='ltr'>ventrali</span> <span class='ocrx_word' id='word_1_212' title='bbox 1108 4021 1190 4066; x_wconf 90' lang='lat' dir='ltr'>mar·</span> 
     </span>
     <span class='ocr_line' id='line_1_33' title="bbox 59 4104 1188 4188; baseline -0.001 -19"><span class='ocrx_word' id='word_1_213' title='bbox 59 4108 137 4188; x_wconf 88' lang='lat' dir='ltr'>gine</span> <span class='ocrx_word' id='word_1_214' title='bbox 160 4106 287 4188; x_wconf 86' lang='lat' dir='ltr'>apicali,</span> <span class='ocrx_word' id='word_1_215' title='bbox 314 4107 434 4170; x_wconf 91' lang='lat' dir='ltr'>vittulis</span> <span class='ocrx_word' id='word_1_216' title='bbox 456 4107 582 4170; x_wconf 91' lang='lat' dir='ltr'>duabus</span> <span class='ocrx_word' id='word_1_217' title='bbox 597 4107 869 4172; x_wconf 83' lang='lat' dir='ltr'>transversalibus</span> <span class='ocrx_word' id='word_1_218' title='bbox 885 4104 1125 4185; x_wconf 85' lang='lat' dir='ltr'>discoidalibus,</span> <span class='ocrx_word' id='word_1_219' title='bbox 1142 4106 1188 4168; x_wconf 94' lang='lat' dir='ltr'>ul·</span> 
     </span>
     <span class='ocr_line' id='line_1_34' title="bbox 58 4209 1189 4295; baseline 0 -23"><span class='ocrx_word' id='word_1_220' title='bbox 58 4211 142 4273; x_wconf 89' lang='lat' dir='ltr'>timo</span> <span class='ocrx_word' id='word_1_221' title='bbox 175 4210 269 4290; x_wconf 89' lang='lat' dir='ltr'>plaga</span> <span class='ocrx_word' id='word_1_222' title='bbox 305 4209 413 4273; x_wconf 93' lang='lat' dir='ltr'>media</span> <span class='ocrx_word' id='word_1_223' title='bbox 448 4209 801 4295; x_wconf 34' lang='lat' dir='ltr'>lata‘rulo-testaceis,</span> <span class='ocrx_word' id='word_1_224' title='bbox 835 4217 1037 4273; x_wconf 88' lang='lat' dir='ltr'>mesosterno</span> <span class='ocrx_word' id='word_1_225' title='bbox 1071 4209 1189 4288; x_wconf 89' lang='lat' dir='ltr'>angulo</span> 
     </span>
    </p>
   </div>
   <div class='ocr_carea' id='block_1_8' title="bbox 0 0 1482 5046">
    <p class='ocr_par' dir='ltr' id='par_1_9' title="bbox 0 0 1482 5046">
     <span class='ocr_line' id='line_1_35' title="bbox 0 0 1482 5046; baseline 0 0"><span class='ocrx_word' id='word_1_226' title='bbox 0 0 1482 5046; x_wconf 95' lang='lat' dir='ltr'> </span> 
     </span>
    </p>
   </div>
  </div>
 </body>
</html>
