2946 5046
213 277 273 340 184

269 481 359 546 Mas:
383 483 477 546 tarsis
500 483 616 546 antieis
640 488 672 547 et
695 482 894 547 intermediis
916 464 1069 559 articulis*
1087 482 1189 547 tribus
1204 482 1282 546 basa·

168 584 250 648 libus
274 586 419 650 obsolete
442 585 593 665 dilatatis,
617 584 730 649 subtus
753 585 880 665 patellis
913 584 1127 667 piliformibus
1163 587 1284 649 munitis.

280 685 353 751 Var.
379 686 412 750 b:
440 689 614 768 signaturis
638 688 814 770 elytrorum
838 687 1052 763 dilatioribus,
1075 686 1185 751 fuscis

276 789 351 855 Var.
374 808 407 852 a:
431 791 603 872 signaturis
627 791 802 873 elytrorum
826 791 1043 856 anterioribus
1065 790 1287 855 deficientibus.

277 891 352 956 Var.
375 892 412 956 d:
434 894 607 974 signaturis
623 893 797 975 elytrorum
815 892 1048 975 posterioribus
1069 892 1291 957 deficientibus.

270 993 314 1057 Η.
337 994 501 1077 variegata
524 995 660 1087 Sturm
695 994 809 1074 affinis,
840 997 948 1060 colore
972 995 1151 1077 pallidiore,
1178 995 1292 1059 albida·

168 1106 324 1176 testaceo,
358 1099 532 1179 signaturis
567 1098 822 1163 distinetioribus
845 1117 918 1162 eum
941 1099 1026 1162 linea
1049 1097 1145 1179 nigra
1168 1098 1295 1161 saturali

170 1219 234 1263 non
269 1199 505 1264 confluentibus
533 1208 723 1282 staturaque
754 1200 902 1265 breviore
937 1220 1012 1265 mox
1045 1200 1297 1280 distinguendus.

169 1299 262 1365 ΑΗ.
287 1301 501 1367 uadatust'aao
536 1303 721 1368 Webnke
756 1303 804 1386 (ut
839 1303 948 1367 docuit
970 1302 1023 1366 Dr.
1046 1303 1078 1366 L.
1102 1322 1132 1365 v.
1155 1303 1296 1385 Heyden)

169 1407 268 1469 etiam
291 1407 385 1468 valde
409 1407 569 1470 distincta.
604 1406 715 1469 Diilert
740 1407 824 1470 euim
849 1407 985 1471 articulo
1008 1406 1115 1488 primo
1140 1413 1298 1470 tarsoruru

169 1509 368 1589 poeticorum
392 1511 537 1591 longiore
560 1518 593 1574 et
617 1511 723 1573 minus
748 1511 939 1574 incrassato.
965 1547 1003 1555 —
1028 1508 1136 1591 Caput
1167 1511 1298 1592 protho-

170 1630 245 1676 raoe
268 1612 365 1693 duplo
389 1614 567 1694 angustius,
584 1613 700 1695 pallide
723 1612 851 1693 flavum,
876 1612 1034 1677 subtiliter
1057 1613 1166 1676 minus
1191 1613 1299 1676 crebre

171 1721 370 1794 punctatum,
399 1716 519 1780 vertiee
549 1717 696 1780 obsoleto
720 1715 891 1791 infuscata,
914 1716 1005 1780 labro
1028 1716 1139 1779 antiae
1162 1716 1299 1796 emargi-

171 1823 258 1894 nato,
293 1819 395 1900 palpis
429 1820 645 1900 antennisque
678 1821 755 1883 totis
789 1818 904 1900 pallide
936 1818 1039 1897 flavis,
1073 1819 1299 1882 immaculatis,

171 1918 350 1984 Protborax
383 1922 583 2001 longitudine
617 1923 714 2002 duplo
749 1922 853 2000 latior,
888 1929 1014 1985 statura
1047 1920 1184 1985 omniuo
1215 1929 1250 1985 ut
1271 1921 1299 1983 in

171 2021 212 2088 H.
235 2022 409 2105 variegata,
444 2044 542 2105 supra
566 2043 740 2102 convexus,
765 2031 841 2088 ante
864 2024 955 2088 basin
979 2024 1131 2106 utrinque
1155 2023 1299 2088 obsoleta

171 2126 356 2208 impressae,
382 2127 451 2191 basi
475 2130 632 2210 apieeque
656 2129 806 2192 distincte
829 2133 1012 2209 punctatuS,
1036 2126 1129 2190 diseo
1145 2128 1298 2200 sublaevi,

170 2231 253 2294 serie
286 2240 479 2311 punctorum
514 2231 616 2295 basali
652 2232 768 2296 ceteris
803 2230 981 2312 majoribus
1015 2229 1178 2293 interdurn
1203 2227 1299 2293 fundo

170 2333 412 2414 nigricantibus,
449 2334 746 2413 albida-testaceus
781 2335 873 2416 apice
906 2340 939 2397 et
966 2332 1036 2396 basi
1060 2330 1299 2396 obsoletissime

171 2434 347 2499 infuscatis
393 2437 501 2519 Elytra
526 2437 670 2500 humeris
686 2456 801 2518 parum
818 2435 1011 2514 rotundatis,
1028 2453 1127 2515 supra
1144 2453 1299 2511 convexa,

171 2537 294 2602 fortiter
317 2541 613 2622 striato-punctam,
638 2541 766 2622 punctis
790 2540 914 2622 postiae
936 2539 1044 2620 paullo
1068 2537 1299 2616 subtilioribus,

171 2642 348 2706 interstitiis
381 2643 535 2721 laevibus,
559 2643 693 2724 singulis
723 2643 807 2706 serie
831 2661 848 2707 e
872 2643 999 2723 punctis
1022 2640 1142 2722 pervia,
1167 2642 1300 2705 remotis

171 2745 346 2825 impressis,
381 2747 464 2810 serie
492 2746 652 2809 interstitii
688 2745 838 2808 suturalia
874 2746 976 2826 magis
998 2744 1149 2824 regulari,
1174 2745 1301 2825 punctis

173 2849 348 2929 majoribus
383 2855 415 2912 et
449 2849 555 2912 minus
588 2849 737 2925 remotis;
770 2848 897 2929 pallide,
921 2847 988 2911 lere
1017 2847 1300 2919 albida-testacea,

171 2951 344 3030 signaturis
368 2951 467 3031 nigris
491 2952 540 3015 vel
565 2951 663 3015 dilate
687 2949 786 3013 luscis
810 2950 903 3014 valde
927 2949 1095 3013 distinctis.
1129 2949 1231 3030 Nigra
1255 2949 1300 3012 vel

173 3053 263 3117 lasea
297 3061 384 3117 sunt:
410 3055 537 3118 macula
568 3054 673 3118 media
708 3053 828 3116 basalis
851 3051 1097 3131 subrotuudata‚
1134 3053 1222 3116 linea
1245 3071 1300 3116 an-

172 3165 265 3237 gusta
300 3157 450 3220 saturatis
484 3176 586 3238 usqve
620 3158 660 3219 ad
696 3157 811 3221 seriem
844 3164 1038 3239 punctorum
1061 3157 1300 3222 interstitialem

171 3267 297 3323 tautum
331 3267 474 3339 extensa,
510 3262 640 3324 macula
663 3262 868 3342 triangularis
891 3261 1035 3342 apiealis,
1059 3261 1174 3324 vittula
1195 3260 1230 3323 in
1254 3261 1301 3323 in-

92 3413 94 3416 .
171 3364 307 3427 terstitio
345 3364 488 3427 seeundo
523 3384 596 3427 oum
620 3371 732 3427 sutura
755 3364 918 3445 parallela,
942 3364 1050 3428 antiae
1073 3382 1149 3427 cum
1174 3364 1301 3427 macula

172 3466 339 3529 diseoidali
362 3467 520 3530 curvatim
543 3467 719 3546 confluere,
737 3475 768 3532 et
789 3467 936 3532 maculae
959 3486 1015 3531 sex
1037 3466 1174 3544 liberae,
1198 3467 1302 3547 prima

172 3566 441 3649 post-humeralis
476 3569 616 3651 oblonga
648 3572 681 3633 in
716 3571 891 3635 interstitio
925 3577 1027 3649 sexto,
1065 3568 1184 3632 deinde
1220 3569 1302 3634 duae

172 3673 417 3753 approximatae
440 3670 507 3737 iere
530 3675 562 3737 in
587 3674 694 3737 medio
718 3675 750 3735 in
775 3673 947 3737 interstitio
970 3677 1023 3737 tim
1047 3679 1078 3736 et
1101 3671 1153 3736 ao
1165 3672 1301 3753 positae,

172 3776 270 3838 otiam
305 3776 464 3856 oblongae
496 3783 527 3841 et
561 3777 691 3840 demum
726 3784 791 3840 tres
815 3775 949 3840 fasciam
974 3774 1209 3854 anteapicalem
1233 3772 1298 3838 for-

174 3886 308 3958 mantes,
354 3887 487 3943 externa
533 3881 635 3961 major
680 3879 910 3961 subqvadrata.
960 3877 1134 3942 Praeterea
1180 3886 1301 3959 puncta

173 3983 282 4044 omnia
305 3985 464 4063 impressa
488 3983 664 4064 elytrorum
687 3983 720 4045 in
744 3981 843 4046 fundo
867 3999 965 4062 saepe
990 3981 1082 4061 nigra
1105 3986 1189 4043 sunt.
1229 3979 1300 4061 Epi-

173 4086 284 4164 pleura
308 4086 482 4167 elytrorum
506 4084 682 4150 biseriatim
707 4093 872 4167 punctata,
897 4086 980 4148 serie
1003 4085 1171 4166 superiore
1206 4083 1301 4148 obso-

173 4189 244 4250 leta.
291 4185 415 4268 Corpus
449 4187 561 4250 subtus
596 4186 869 4260 rufo-testaceum,
896 4193 1066 4268 prosterno
1091 4187 1199 4250 antiae
1222 4206 1300 4251 eon·
