2946 5046
1197 327 1256 389 175

166 533 290 613 piceae,
316 530 458 594 articulis
495 531 577 592 t—-4
610 528 858 609 rulo-testaceis,
894 550 992 611 supra
1020 529 1166 595 obsoleta
1189 530 1297 594 lusco-

166 634 350 697 maculatis
392 632 575 696 Prothorax
608 632 715 713 capite
745 632 897 696 distincte
926 632 1023 696 latior
1046 639 1078 697 et
1099 632 1300 714 longitudine

165 756 226 800 sua
250 736 318 801 iere
342 737 383 814 Ἃ
406 736 510 814 latior,
533 733 688 799 lateribus
711 734 776 799 lere
799 735 979 817 aequaliter
1002 735 1205 818 rotundatus,
1228 733 1300 797 basi

166 858 268 922 quam
304 839 395 920 apice
425 838 491 903 iere
521 838 625 916 latior,
650 838 776 918 angulis
799 837 916 901 anticis
942 837 1082 916 deflexis
1107 838 1299 915 rotundatis,

166 943 306 1024 posticis
329 941 615 1021 obius-angulatis
640 941 809 1020 distinctis
826 941 959 1005 minime
975 947 1084 1004 tamen
1101 941 1173 1004 sinu
1188 939 1300 1004 termi-

167 1045 267 1123 natis;
303 1044 659 1119 aurichalceoaeneus,
696 1043 916 1119 nitidissimus,
941 1043 1051 1122 laevis,
1075 1038 1183 1107 antice
1206 1042 1300 1107 obso-

166 1151 241 1225 lete,
276 1165 378 1228 prope
412 1147 505 1209 basin
539 1144 740 1226 profundius,
763 1145 976 1210 transversim
1005 1145 1186 1227 depressus,
1210 1147 1300 1209 sulco

167 1250 280 1314 medio
315 1250 413 1327 tenui,
447 1248 555 1313 antice
582 1247 783 1327 abbreviato,
808 1248 898 1312 diseo
933 1248 1172 1312 obsoletissime
1194 1255 1301 1311 trans-

167 1352 291 1415 versim
313 1352 476 1432 ruguloso,
501 1350 602 1415 foveis
625 1348 793 1414 besalibus
817 1351 945 1431 magnis
968 1358 1000 1415 et
1022 1350 1199 1432 profundis
1224 1349 1301 1414 sub-

167 1452 326 1532 laevibuS,
361 1454 446 1535 plica
478 1454 624 1534 angulari
658 1453 859 1532 tenuissima,
893 1452 1093 1534 marginibus
1115 1452 1301 1517 lateralibus

168 1557 375 1633 acutisante
398 1556 539 1620 medium
563 1565 633 1619 seta
656 1555 805 1619 distincta
832 1557 973 1634 munitis,
997 1554 1069 1618 basi
1091 1555 1207 1620 obtuse
1222 1555 1300 1619 hisi-

169 1668 282 1734 nuata,
307 1659 456 1740 utrinque
478 1659 619 1723 tenuiter
642 1658 833 1738 marginata.
878 1658 986 1740 Elytra
1013 1657 1084 1720 basi
1107 1658 1302 1738 prothorace

167 1763 287 1826 latiora
321 1768 353 1826 et
382 1762 445 1825 hoc
467 1761 563 1842 triplo
587 1761 744 1841 longiora,
770 1761 877 1825 medio
901 1761 1014 1825 leviter
1037 1761 1180 1840 dilatata,
1204 1780 1303 1844 supra

169 1883 288 1946 parum
323 1882 479 1943 convexa,
514 1864 729 1942 aurichalcea,
764 1864 865 1928 nitida
899 1865 951 1928 vel
982 1865 1122 1943 sericea,
1145 1863 1303 1929 subtiliter

168 1968 467 2049 punctulo-striata,
502 1967 589 2030 striis
611 1969 631 2031 6
654 1967 862 2031 interioribus
885 1967 1056 2046 distinctis
1080 1967 1174 2048 apice
1196 1969 1302 2030 tenui-

168 2069 293 2148 oribus,
327 2069 480 2148 laevibus,
505 2072 557 2131 6:a
581 2069 672 2150 apice
695 2068 855 2150 profunde
877 2070 1047 2151 impressa,
1072 2071 1121 2132 la
1144 2069 1301 2149 obsoleta,

170 2173 354 2236 interstitiis
377 2172 490 2253 planis,
514 2176 564 2236 3:o
589 2173 717 2253 punctis
741 2175 760 2235 2
784 2173 932 2254 setigeris
956 2173 1123 2248 instructo,
1147 2174 1227 2236 stria
1248 2173 1303 2237 ba-

169 2276 229 2338 sali
266 2276 309 2338 ad
331 2278 499 2338 humerum
525 2282 620 2339 acute
643 2276 807 2356 angulata,
831 2275 873 2340 ad
896 2276 1009 2338 siriam
1032 2281 1116 2341 tizam
1141 2276 1302 2341 dorsalem

170 2377 371 2442 abbreviata.
417 2376 542 2459 Corpus
574 2377 689 2442 subtus
712 2379 850 2459 nigrum,
880 2378 1029 2459 nitidum,
1053 2379 1154 2443 laeve.
1199 2377 1302 2443 Pedes
1408 2452 1412 2459 ,

169 2481 267 2561 nigri,
294 2479 378 2542 tibiis
407 2479 512 2544 basim
542 2500 654 2545 versus
678 2482 764 2544 intus
787 2482 861 2563 plus·
882 2482 1030 2546 minusve
1052 2481 1116 2546 late
1137 2480 1302 2546 rufescen-
1353 2561 1355 2565 ι

168 2583 267 2646 tibus.

276 2685 409 2750 Habitat
441 2686 475 2749 in
507 2686 725 2769 Transcaspia
759 2695 791 2751 et
818 2687 1032 2751 Turkestania
1053 2687 1167 2751 rarius,
1198 2686 1303 2768 Prope

170 2790 353 2864 stationem
380 2789 460 2854 Dort
481 2789 564 2870 Kuju
588 2789 616 2853 d.
640 2794 681 2854 26
704 2791 781 2855 Juni
807 2791 887 2854 1897
911 2791 1041 2854 unicum
1064 2791 1230 2872 specimen
1254 2791 1303 2852 in-

168 2892 247 2957 veni
263 2899 306 2970 et,
326 2891 367 2955 ad
383 2891 469 2956 Mula
483 2891 570 2955 Kara
586 2894 666 2956 etin
682 2893 818 2957 Deserto
840 2893 1011 2958 Merwensi
1033 2893 1068 2956 K.
1092 2893 1236 2973 Abnger;
1262 2893 1303 2955 ad

169 2994 324 3060 Schamsi
358 2994 387 3057 d.
421 2997 460 3059 27
496 2994 572 3075 Maji
599 3002 631 3059 et
658 2996 691 3058 in
715 2997 797 3060 valle
820 2995 1002 3060 Katschkar
1025 2996 1052 3059 d.
1076 3000 1097 3058 4
1119 2995 1194 3059 luni
1218 2997 1303 3059 dom.

169 3096 340 3162 Stenroos.

278 3287 305 3347 2.
350 3285 543 3348 Bembidium
567 3289 757 3366 (Peryphus)
781 3290 962 3368 giganteum
985 3308 1014 3350 n.
1037 3307 1083 3368 sp.

277 3406 479 3486 Elongatum,
504 3405 766 3487 subdepressum,
791 3425 910 3471 aeneo·
928 3408 977 3471 vel
997 3407 1303 3487 cacruleo-nigrum,

172 3506 323 3586 nitidum,
358 3509 466 3591 elytris
499 3509 756 3593 piceo-cyanem,
791 3517 1007 3575 antennarum
1030 3509 1172 3573 articulis
1195 3511 1214 3572 3
1238 3511 1303 3590 pri-

173 3611 237 3673 mis
272 3611 414 3674 maxima
444 3629 483 3675 ex
506 3621 608 3692 parte,
633 3613 878 3694 insequentibus
901 3613 971 3677 basi
994 3620 1130 3693 anguste
1151 3613 1304 3694 pedibus-

173 3731 248 3795 que,
272 3711 448 3777 iemoribus
481 3714 588 3778 medio
617 3716 771 3796 exceptis,
795 3715 1086 3797 rufo-serrugineis3
1109 3715 1304 3798 prothorace

173 3814 500 3897 cordato-quadrato,
525 3817 595 3880 basi
630 3817 672 3880 ad
694 3819 830 3899 angulos
853 3818 1030 3901 obliquam,
1055 3818 1183 3899 augulis
1208 3826 1304 3883 acute

172 3917 283 3994 rectis,
298 3918 455 3998 setigeris,
479 3920 629 4000 utrinque
652 3918 813 4002 profunde
835 3919 1017 3998 loreolam,
1041 3920 1149 4002 elytris
1165 3922 1305 3986 tenuiter

173 4020 476 4100 punctatostriatis,
500 4021 586 4084 striis
609 4021 796 4085 lateralibus
820 4021 1078 4101 obsoletioribuS,
1103 4025 1151 4087 la
1169 4022 1234 4086 lere
1250 4022 1304 4086 ob-

173 4121 313 4200 literata,
346 4122 525 4186 interstitiis
562 4124 680 4204 planis;
707 4125 757 4188 320
782 4126 822 4187 ad
846 4126 959 4188 striam
982 4125 1109 4189 tertiam
1134 4126 1262 4206 punctis
1284 4128 1305 4188 2

172 4224 331 4305 setigeris
374 4225 473 4307 Long.
497 4228 644 4306 8,5—9,5
669 4247 743 4291 mm.
791 4239 792 4242 ’
