2946 5046
312 301 376 365 296

270 487 411 552 videtur.
456 488 542 552 Inter
575 488 713 552 Lucretii
741 488 933 570 interpretes
955 489 1203 555 Beckemueller
1226 490 1318 554 solus
1339 496 1406 570 post

270 610 340 655 rem
373 597 537 655 commate
570 591 677 672 posito
710 610 857 655 seorsum
891 611 1025 673 corpore
1060 595 1123 655 toto
1159 611 1236 665 cum
1267 593 1406 673 sequenti

271 710 368 758 versu
401 693 567 757 coniunxit
590 692 713 758 dicens:
736 713 884 758 seorsum
906 713 1039 775 corpore
1063 697 1126 758 toto
1150 694 1268 759 wurde
1291 693 1407 774 bislang

272 815 313 859 zu
336 794 449 858 oculus
471 814 624 878 gezogeq
648 795 779 861 obwohl
802 796 907 862 dieses
930 797 1025 862 Wort
1048 797 1151 862 durch
1173 795 1261 878 ipsc,
1285 797 1408 860 dnobus

272 897 362 962 reich
394 904 609 980 ausgestattet
641 900 693 979 ist,
727 900 882 965 wahrend
910 898 1026 965 ouimu
1049 899 1106 966 des
1128 900 1410 982 entsprechenden

272 1001 426 1065 Zusatzes
449 1000 626 1067 entbehrte.
659 1003 749 1083 Quae
765 1004 981 1085 interpunctio
998 1023 1073 1069 cum
1089 1004 1165 1068 huic
1181 1004 1260 1069 loco
1277 1004 1411 1068 maxime

275 1105 437 1184 convenit,
462 1112 530 1168 tum
553 1106 787 1171 sententiarum
810 1125 937 1172 conexu
960 1106 1220 1173 commendatur.
1257 1107 1411 1189 Nampri-

276 1227 363 1272 mum
387 1215 496 1289 partes
518 1209 691 1289 primariae
713 1217 746 1275 et
767 1210 980 1276 secundariae
1004 1210 1242 1276 enuntiationis
1265 1219 1412 1275 accurate

275 1310 335 1374 sibi
358 1311 441 1376 inter
464 1331 499 1376 se
521 1311 721 1394 respondent
748 1312 880 1377 annuus
902 1311 1071 1378 radicibus
1095 1312 1142 1396 (a)
1165 1315 1205 1375 ut
1228 1314 1279 1394 (b)
1303 1312 1415 1392 aequit

277 1412 381 1477 ulium
416 1412 575 1495 dispicere
605 1415 651 1497 (e)
680 1415 750 1495 ipse
780 1416 826 1501 (d)
858 1415 971 1481 oculus
1000 1415 1046 1500 (c)
1078 1436 1148 1481 rem
1178 1415 1242 1498 (e):
1272 1437 1414 1482 seorsum

278 1537 410 1598 corpore
445 1522 506 1582 toto
542 1518 598 1602 (a')
628 1517 674 1583 sic
702 1518 760 1602 (b')
791 1518 906 1583 auimo
934 1522 1033 1600 utque
1061 1517 1198 1584 animus
1221 1519 1284 1605 (c')
1302 1542 1365 1602 pei·
1384 1542 1414 1584 se

278 1618 336 1702 (d‘)
358 1618 409 1684 nib
424 1639 524 1701 possa
546 1620 678 1685 videtur
700 1622 765 1705 (θ’).
800 1622 922 1688 Deinde
945 1622 1028 1687 inter
1051 1641 1088 1688 se
1110 1630 1302 1706 congruunt
1324 1624 1414 1688 huius

278 1723 339 1787 leci
375 1731 483 1806 partes
517 1730 549 1789 et
582 1725 651 1789 eius
684 1745 748 1807 quo
782 1726 878 1806 paulo
913 1731 990 1791 ante
1017 1723 1085 1790 fere
1115 1727 1203 1799 idem
1229 1728 1416 1809 exprimitur

279 1825 337 1890 551
369 1826 421 1890 cel
449 1825 498 1890 uti
521 1846 644 1891 marcus
667 1831 728 1890 cut
749 1828 863 1892 oculus
885 1847 1026 1892 οονοοοο
1048 1848 1198 1892 seorsum
1223 1828 1356 1894 Secreto
1379 1829 1413 1892 ob

279 1926 373 1991 uobis
406 1933 580 2009 nequeunt
610 1928 733 1994 sentire
755 1950 864 2011 usquc
887 1951 966 2012 esse,
983 1983 989 1996 .
1007 1980 1039 1994 ..
1065 1928 1119 1995 Sic
1143 1929 1284 1996 unimus
1301 1952 1366 2013 pei·
1385 1952 1415 1995 se

280 2050 350 2093 unu
372 2029 446 2111 quit
464 2031 538 2096 sinc
561 2052 693 2112 corpore
718 2036 749 2097 et
770 2032 841 2113 ipsc
863 2031 948 2097 Esse
971 2032 1111 2098 bomine.
1148 2033 1232 2097 Tum
1258 2035 1299 2098 iis
1321 2036 1415 2099 versi-

281 2132 341 2196 bus
376 2135 429 2215 qui
457 2135 655 2215 praecedunt
678 2137 742 2201 560
764 2155 834 2218 sqq.
879 2134 948 2200 Nec
970 2134 1043 2201 siue
1066 2155 1200 2216 corpore
1225 2136 1317 2201 euius
1339 2136 1415 2200 cita·

282 2234 322 2298 bis
345 2236 438 2300 edere
462 2241 568 2301 motus
592 2235 671 2302 Solu
689 2241 799 2319 potest
820 2236 926 2303 uuicti
943 2258 1009 2319 per
1029 2258 1064 2303 se
1085 2241 1216 2303 nutura
1232 2258 1296 2304 uec
1313 2243 1416 2303 auteur

282 2337 421 2402 Cossum
455 2338 571 2404 auimo
604 2360 723 2421 corpus
755 2341 879 2405 dirrare
914 2345 945 2405 ct
965 2340 1117 2406 sensibus
1139 2340 1191 2404 uu
1214 2342 1301 2407 haec
1323 2343 1416 2408 inter·

282 2444 415 2524 punctio
440 2443 658 2525 confirmatur.

763 2637 930 2712 simut.

387 2803 524 2869 Constat
545 2804 647 2868 simui
669 2805 918 2887 praepositionis
941 2805 1012 2871 vice
1034 2804 1171 2885 fungens
1187 2823 1209 2868 a
1224 2805 1415 2888 quibusdam

284 2907 388 2990 poetis
416 2914 449 2972 et
474 2926 494 2970 a
523 2907 636 2972 Tacito
663 2927 794 2991 quoque
825 2928 898 2973 cum
929 2908 1070 2973 ablativo
1093 2909 1258 2990 coniungi.
1304 2910 1417 2974 Eodem

286 3011 383 3074 modo
416 3009 516 3074 simui
550 3031 623 3074 cum
659 3009 801 3077 ablativo
825 3030 845 3075 a
867 3012 1018 3077 Lucretio
1043 3013 1174 3093 ponitur
1197 3011 1264 3077 hoe
1288 3013 1361 3078 ioco
1383 3011 1418 3076 Vl

284 3115 348 3179 497
377 3112 527 3195 primum
561 3113 629 3178 ium
655 3113 785 3178 semino
808 3113 911 3194 aquai
934 3113 1048 3178 Multo
1069 3112 1171 3178 simut
1192 3114 1330 3180 niueum
1352 3135 1418 3179 cou-

285 3237 421 3300 surperc
443 3217 587 3282 aubibus
611 3217 692 3298 ipsis
717 3216 879 3283 Omnibus
903 3238 943 3281 οοο
965 3217 1074 3300 rebare,
1096 3235 1194 3300 quem
1210 3218 1322 3284 locum
1340 3218 1419 3302 quod

286 3323 388 3387 sciam
421 3340 527 3404 neque
560 3322 764 3402 grammatici
798 3322 996 3386 adnotarunt
1018 3339 1124 3404 neque
1147 3329 1420 3388 commentatores

286 3425 388 3489 fusius
421 3426 630 3507 explicarunt.
673 3424 743 3488 Hoc
777 3426 849 3489 loco
876 3429 911 3487 ut
935 3425 1136 3488 omitteretur
1158 3443 1235 3488 cum
1259 3426 1420 3508 praeposi-

286 3530 332 3594 tio
356 3536 431 3594 ante
454 3529 630 3593 ablativum
654 3547 693 3592 ea
715 3546 751 3593 re
774 3528 841 3592 fieri
864 3529 978 3609 potuit,
1002 3528 1089 3610 quod
1112 3529 1420 3612 cousurpcrcverbo

287 3634 369 3696 haec
391 3633 549 3713 particula
571 3632 714 3712 praefixa
736 3637 794 3695 est.
836 3630 955 3694 Parum
979 3631 1152 3696 verisimile
1175 3638 1227 3695 est
1250 3632 1316 3697 loci
1338 3632 1420 3698 abta-

287 3736 388 3798 tivum
423 3736 486 3800 hoc
520 3737 593 3800 loco
621 3735 828 3799 statuendum
851 3751 932 3798 esse.
977 3733 1151 3800 Praeterea
1174 3736 1420 3801 commemorari

288 3844 395 3919 potest
421 3837 563 3919 probiter,
598 3838 650 3902 cui
684 3836 838 3901 adverbio
861 3835 1022 3900 ablativus
1045 3855 1063 3902 e
1086 3856 1159 3900 cum
1184 3840 1419 3920 praepositione

288 3942 432 4022 pendens
466 3959 564 4024 saepe
598 3940 726 4003 additur
759 3961 809 3984 --·
830 3938 876 4002 cir
899 3938 1045 4003 Holtzius
1067 3939 1134 4002 Lin.
1158 3959 1186 4020 p.
1210 3941 1253 4005 56
1280 3979 1330 4022 -,
1354 3960 1418 4006 cum

289 4046 398 4110 dativo
429 4045 580 4125 coniungi
611 4064 675 4108 uno
699 4045 771 4108 loco
795 4042 836 4106 Vl
862 4044 916 4105 171
938 4040 1072 4122 puriter
1095 4040 1153 4121 qui
1176 4042 1324 4107 uvittitur
1345 4041 1417 4128 ipui.
