2946 5046
1203 345 1266 410 293

161 530 288 612 patuit,
307 580 314 595 .
334 579 364 592 ..
398 534 438 594 ut
468 551 551 607 una,
568 582 575 597 .
593 581 625 596 ..
659 530 834 596 Chimaera
869 529 936 596 Ore
965 528 1058 609 foras
1081 551 1189 597 acrem
1212 531 1312 610 flaret

169 634 212 698 aie
247 654 381 714 corpore
413 633 600 713 flamniam·
633 635 675 699 VI
708 636 780 715 681;
814 636 890 714 993;
921 636 1011 715 1164,
1036 635 1152 717 quibus
1174 635 1255 699 locis
1278 642 1310 699 et

168 739 213 802 de
248 738 434 818 separativo
462 745 495 803 et
524 739 564 803 de
585 739 793 819 prosecutivo
817 745 924 819 potest
947 739 1093 821 cogitari,
1116 737 1164 802 cir
1185 737 1224 802 Ill
1249 739 1310 802 122

168 861 249 904 cura
266 890 272 902 .
291 839 406 919 .foras
423 890 429 904 .
441 860 506 922 per
540 861 574 905 os
609 844 658 931 est
690 841 798 905 editus
831 849 898 906 ae'r.
943 841 1117 907 Praeterea
1151 841 1199 904 his
1228 840 1310 906 locis

168 943 316 1009 ablativo
340 943 468 1008 additur
490 946 702 1028 praepositio:
725 945 846 1010 111607
870 944 937 1010 Ν66
952 944 1014 1008 sibi
1031 943 1310 1024 euinquisquarn

170 1045 318 1111 moriens
350 1046 474 1111 sentire
506 1046 638 1111 videtur
669 1047 727 1112 Ire
758 1046 850 1128 faras
879 1047 1028 1112 animant
1049 1047 1246 1112 incolumen
1270 1046 1310 1111 de

170 1169 308 1230 corpore
333 1153 413 1226 totu·
439 1153 521 1216 1060
543 1150 629 1214 Enii
647 1171 747 1232 saepe
768 1149 861 1231 foras
882 1150 1016 1234 maenis
1031 1172 1072 1214 eso
1091 1149 1229 1215 aedibus
1243 1148 1309 1230 iiic,

170 1251 258 1316 Esse
283 1252 370 1316 doni
392 1273 489 1333 quern
509 1257 740 1334 pertaesnmsi.
762 1255 948 1320 —Notum
971 1260 1021 1320 est
1041 1255 1104 1319 boc
1119 1252 1309 1319 adverbium

169 1357 425 1437 praepositionis
447 1357 518 1422 vice
539 1356 677 1438 fungens
701 1377 772 1422 cum
797 1359 985 1423 accusativo
1009 1358 1095 1440 apud
1113 1356 1310 1424 ecelesiasti-

169 1478 232 1524 cos
256 1478 416 1541 coniungi.

670 1616 816 1695 intuo.

278 1785 371 1867 Apud
405 1787 587 1852 Lucretium
621 1786 810 1852 adverbium
834 1788 921 1870 quod
945 1793 993 1851 est
1015 1785 1108 1851 intas
1129 1803 1229 1868 saepe
1250 1803 1310 1848 va-

170 1888 221 1952 ria
256 1889 382 1954 ratione
413 1888 591 1954 adhibetur.
635 1890 777 1954 Primum
813 1890 960 1954 absolute
993 1890 1124 1971 ponitur
1145 1888 1195 1952 his
1216 1888 1312 1954 locis:

171 1991 185 2054 l
219 1993 283 2056 366
317 1991 363 2058 Ar
394 1995 509 2056 contra
530 1992 670 2076 pravius
686 1993 768 2075 pius
790 1991 828 2058 in
850 2013 885 2056 se
908 1991 1052 2072 carparis
1076 2012 1144 2056 esse
1166 1989 1313 2055 Dedicat

172 2098 207 2158 ei
238 2093 340 2159 maiia
373 2115 517 2159 aacnurn
550 2095 663 2161 minus
695 2095 788 2160 intus
822 2094 957 2173 babera·
984 2096 1047 2160 636
1070 2115 1134 2174 arco
1158 2113 1310 2173 quaeque

170 2195 282 2278 napis
316 2195 440 2261 cohibet
470 2218 523 2262 res
544 2197 638 2263 intus
659 2197 781 2276 inane·
804 2198 829 2261 ΙΙ
851 2200 926 2277 716;
949 2198 990 2262 Vl
1015 2197 1069 2274 183
1091 2197 1140 2260 23.
1186 2194 1309 2260 Deinde

172 2300 381 2382 coniungitur
403 2319 476 2365 cum
501 2302 642 2366 ablativo
665 2303 733 2366 sive
756 2301 844 2366 nudo
860 2301 929 2367 sive
944 2319 962 2366 e
977 2299 1217 2381 praepositione
1229 2317 1310 2382 pen-

172 2403 272 2468 dente
305 2404 351 2468 ita
384 2410 419 2467 ut
451 2405 589 2470 localem
623 2404 752 2468 ablativi
787 2403 1055 2486 significationem
1082 2401 1251 2467 confirmet
1278 2407 1312 2466 et

173 2506 368 2570 luculentius
398 2506 561 2572 describat
575 2505 608 2592 ι).
651 2508 762 2571 Exstat
789 2507 895 2570 nudus
917 2506 1090 2570 ablativus:
1112 2504 1239 2569 71262
1261 2524 1310 2567 ro-

174 2611 316 2688 taratauc
349 2608 438 2673 cavis
471 2609 641 2686 famatam
674 2608 868 2688 fornacibus
901 2607 1011 2685 inias·
1033 2609 1097 2675 278
1121 2610 1234 2671 corten
1251 2656 1258 2670 .
1277 2657 1308 2673 ..

172 2710 293 2774 calidis
321 2711 410 2775 acuit
431 2710 562 2791 fulmen
584 2710 778 2791 fornacibus
800 2711 907 2790 inius;
933 2713 1015 2777 1169
1037 2709 1227 2794 diaprabat
1247 2713 1310 2773 sto·

173 2812 289 2878 nacbo
312 2813 449 2893 flamma
471 2819 512 2879 ut
531 2813 725 2894 fornacibus
747 2816 857 2892 intus·
881 2817 943 2880 798
967 2813 1146 2895 Multaque
1163 2864 1169 2878 .
1188 2867 1194 2879 .
1212 2863 1219 2876 .
1238 2811 1311 2877 ani·

174 2935 265 2980 raam
288 2917 494 2994 labefactant
513 2917 647 2982 sedibus
662 2916 765 2982 intus.
801 2918 918 2982 Rarius
939 2916 978 2982 in
993 2917 1191 3000 praepositio
1208 2935 1310 2998 appo·

173 3019 239 3082 sita
273 3026 334 3085 est:
369 3020 393 3083 ll
422 3022 486 3086 963
514 3019 571 3084 ubi
599 3019 754 3084 materiai
784 3018 1003 3101 Corpora...
1033 3018 1218 3084 Sollicitam
1240 3017 1311 3082 suis

173 3118 352 3211 trepidant
381 3122 420 3187 in
451 3121 585 3186 sedibus
617 3121 726 3204 intua·
758 3124 800 3188 Vl
836 3124 919 3190 1044
940 3122 1010 3186 aidi
1034 3126 1190 3187 ramenta
1211 3120 1313 3185 simui

171 3220 267 3305 festi·
280 3222 395 3305 fnrere
418 3224 511 3290 intus
535 3224 651 3290 ahenis
673 3225 719 3289 16
741 3224 895 3306 scaphiis.
930 3226 1013 3290 Tum
1035 3222 1224 3291 adverbium
1241 3231 1312 3290 arta

172 3326 382 3408 coniungitur
404 3347 478 3392 cum
504 3329 695 3393 accusativo
711 3347 751 3393 ex
766 3329 1007 3411 praepositione
1022 3328 1196 3410 pendente:
1219 3326 1311 3391 1223

172 3448 263 3511 auae
279 3480 286 3494 .
304 3479 336 3495 ..
370 3430 441 3494 Aac
472 3431 565 3495 intus
593 3434 748 3512 penetret
773 3450 839 3512 per
870 3430 992 3495 inania
1018 3429 1263 3509 dissoluaique;
1287 3430 1311 3492 ll

175 3535 237 3597 711
261 3530 351 3597 Nam
372 3553 436 3599 sua
459 3533 577 3613 cuique
601 3534 679 3598 cibis
702 3556 743 3599 esc
766 3533 918 3599 omnibus
939 3533 1033 3599 intus
1055 3533 1094 3599 in
1117 3536 1211 3598 artus
1235 3531 1311 3597 Cor-

168 3655 259 3717 pora
281 3633 465 3702 discedunt.

279 3737 453 3805 Praeterea
475 3741 562 3803 hunc
585 3758 808 3806 commemoro
830 3741 948 3821 locum,
974 3741 1013 3805 de
1036 3759 1101 3823 quo
1117 3739 1314 3804 dissentiunt

173 3841 328 3907 editores:
362 3842 404 3906 Vl
438 3844 500 3908 724
533 3842 748 3923 Baianaque
771 3841 1114 3926 utipassitmapnus
1138 3845 1312 3924 conpertas

278 4084 299 4149 ¹)
324 4082 438 4137 Brevius
462 4099 541 4150 quarn
564 4083 668 4141 rectius
695 4083 838 4136 adnotavit
864 4083 985 4149 Draeger
1010 4081 1068 4148 Ip.
1087 4083 1138 4132 664
1156 4096 1193 4147 sq.
1213 4080 1229 4149 ᾗ
1249 4081 1312 4132 303;

172 4167 255 4223 Intus
283 4167 320 4222 ist
347 4168 387 4222 als
409 4169 536 4236 Praepos.
555 4168 685 4222 ebenlalls
704 4168 882 4234 unklassisch‚
896 4209 901 4222 .
916 4212 920 4221 .
936 4208 942 4222 .
961 4167 1035 4222 steht
1053 4167 1116 4220 aber
1134 4165 1207 4219 vvohl
1222 4169 1313 4219 auerst

173 4252 215 4307 bei
234 4254 335 4307 Luerea
354 4255 411 4308 und
428 4270 502 4308 awar
521 4254 572 4307 mit
590 4253 685 4308 beiden
704 4253 796 4307 Casus.
