2946 5046
373 576 491 652 Aelia
518 576 734 651 simillima
759 598 798 648 n.
826 598 882 672 sp.

166 746 221 810 Ab·
249 745 305 809 Aa.
337 745 471 826 scurcula
504 747 557 810 vix
593 747 653 809 nisi
687 753 849 810 structura
883 745 999 826 insigni
1033 746 1192 826 segmenti

56 850 209 930 genitalis
234 849 332 912 maris
354 848 440 931 (vide
464 849 534 931 figg.
558 850 578 912 2
602 856 634 914 et
655 850 692 925 3)
714 848 948 930 distingvenda.

166 952 359 1018 Turkestan:
392 951 582 1034 Bekljarbck
605 952 633 1015 d.
660 954 698 1016 10
720 951 916 1033 augusti‚'D.
940 950 966 1014 J.
991 949 1192 1031 Sablberg.

112 1212 408 1308 Neottiglossa
434 1213 590 1309 pusilla
618 1209 757 1285 Gmel.
788 1207 934 1310 (inflexo
960 1206 1141 1308 Wolff).

167 1382 269 1464 HuJ'us
292 1381 412 1463 speciei
435 1383 538 1446 solum
563 1383 705 1446 varietas
729 1381 838 1445 colore
860 1379 1030 1444 obscurior
1049 1387 1098 1444 est
1115 1377 1194 1442 Plo-

61 1485 185 1567 tysolen
213 1483 364 1548 obscurus
391 1485 421 1549 J.
448 1483 580 1549 Sahlb.
626 1485 806 1565 Longitudn
830 1483 1037 1547 articulorum
1061 1483 1195 1547 secundi

60 1597 94 1652 et
117 1589 204 1653 tertii
227 1595 441 1652 antennarum
465 1589 563 1653 ctiam
587 1588 800 1669 speciminum
824 1586 1005 1668 typicorum
1027 1594 1079 1649 sat
1095 1586 1195 1649 multo

61 1692 177 1770 variat,
201 1692 280 1754 vitta
304 1691 425 1754 callosa
448 1692 579 1755 verticis
601 1691 700 1755 etiam
724 1707 837 1754 eorum
860 1690 1018 1754 interdum
1038 1688 1194 1753 obsoleta.

60 1794 174 1859 Solum
199 1793 263 1858 duo
285 1794 464 1876 specimina
491 1796 632 1869 inventa,
659 1802 767 1858 cetero
792 1812 864 1857 cum
888 1801 965 1874 typo
989 1793 1021 1854 in
1046 1791 1196 1856 omuibus

60 1899 285 1979 congruentia.

308 2121 530 2198 Peribalus
558 2121 751 2197 inclusus
779 2120 948 2193 Dohrn.

168 2290 273 2373 Supra
314 2291 572 2372 griseo-lividus,
611 2292 743 2355 densius
781 2293 1083 2373 nigro-punctatus
1121 2310 1195 2354 scu-

60 2396 127 2460 telli
161 2385 254 2475 apice
295 2394 428 2474 pallium
462 2395 594 2475 pronoti
629 2393 826 2473 marginibus
860 2396 976 2459 amicis
1010 2393 1196 2459 lateralibus

60 2498 222 2563 subrectis
245 2499 401 2580 corioqua
425 2498 571 2576 margine
595 2498 755 2561 exteriore
778 2497 844 2561 fere
866 2505 907 2561 au
932 2492 1072 2562 medium
1095 2516 1196 2579 usque

61 2601 383 2682 calloso-laevigatis
408 2600 738 2679 flavescenti-albidis;
762 2602 885 2666 infame
908 2621 981 2665 cum
1006 2601 1141 2684 pedibus
1165 2611 1195 2665 et

62 2705 214 2769 antennis
240 2704 357 2786 pallide
379 2703 623 2782 livido-ilavens,
647 2705 698 2767 his
720 2707 813 2786 apice
830 2705 1097 2781 luscescentibus;
1120 2724 1196 2786 pro-

62 2814 142 2871 noto
173 2806 370 2887 longitudine
397 2806 481 2870 inter
508 2807 645 2887 angulos
674 2808 816 2888 apicales
841 2816 871 2871 et
895 2809 1073 2887 marginem
1098 2806 1196 2870 basa-

63 2911 125 2974 lem
161 2910 257 2991 duplo
290 2910 413 2986 latiore,
447 2911 573 2990 angulis
602 2910 787 2974 lateralibus
818 2912 901 2974 ultra
924 2910 1017 2974 basin
1042 2911 1120 2975 corii
1144 2913 1196 2974 vix

63 3012 329 3095 prominentibus.
375 3013 471 3094 Long.
495 3014 526 3076 o*
551 3015 613 3092 l¹f2
637 3033 711 3076 mm.

168 3115 362 3180 Pcututomu
378 3115 508 3180 inclusa
525 3116 671 3193 llohrn‚
688 3116 779 3180 Stett.
795 3117 863 3180 Eut.
879 3118 956 3182 Zeit.
977 3119 1067 3196 1860,
1086 3119 1153 3197 103,
1168 3120 1195 3182 l.

168 3220 285 3296 Rossia
308 3220 539 3298 meridionalis;
562 3221 728 3300 specimen
752 3222 894 3302 typicum
919 3220 1083 3304 descripsi.

167 3324 195 3386 A
230 3321 267 3386 P.
298 3320 426 3387 vernali
460 3321 584 3386 Wolls
615 3329 740 3386 statura
776 3325 910 3401 minore,
945 3326 1052 3405 capite
1087 3325 1194 3405 paullo

64 3427 240 3505 obtusiore,
287 3435 501 3491 antennarum
547 3427 682 3489 articulo
729 3427 872 3490 secundo
918 3427 1079 3506 breviore,
1119 3445 1194 3507 pro·

64 3537 144 3595 noto
168 3531 355 3610 angustiore
385 3529 490 3592 minus
514 3537 700 3593 transverso
724 3531 858 3611 ejusque
882 3531 1079 3611 marginibus
1102 3537 1194 3593 ante-

63 3632 204 3713 rioribus
238 3632 423 3696 lateralibus
452 3632 611 3695 subrectis
641 3632 735 3695 latius
766 3633 998 3697 calloso-ilaris
1035 3653 1093 3696 nec
1128 3653 1194 3698 non

65 3737 212 3818 margine
242 3736 401 3800 exteriore
432 3736 512 3799 corii
535 3735 602 3799 lere
624 3734 665 3798 ad
691 3739 831 3800 aredium
856 3737 1123 3818 laevigato-flavis
1146 3735 1194 3798 di-

65 3857 213 3922 vergens
257 3837 381 3920 Corpus
416 3857 554 3920 superne
582 3839 711 3903 sordide
738 3840 1194 3920 grisescenli-livido-llavena

64 3951 115 4007 sat
139 3943 239 4017 dense
262 3943 569 4024 nigro-punctatum.
604 3941 708 4023 Caput
730 3943 897 4007 latitudine
920 3963 991 4006 cum
1018 3943 1119 4007 oculis
1142 3944 1195 4005 vix

65 4048 202 4127 longius,
237 4047 382 4127 margine
415 4064 528 4110 versus
560 4047 673 4110 oculos
707 4047 819 4111 leviter
852 4047 989 4110 sinuato
1043 4047 1194 4108 Rostrum

65 4150 182 4231 pallide
211 4148 341 4215 ssavens
386 4150 558 4213 Antemnae
587 4149 703 4230 pallide
738 4148 902 4228 flaventes,
932 4168 1043 4213 versus
1068 4151 1194 4230 apicem

64 4253 279 4334 ferrugineas,
302 4252 439 4316 articulo
462 4252 573 4316 ultimo
598 4258 674 4315 ante
697 4253 822 4333 apicem
846 4253 910 4315 late
932 4251 1037 4331 iusco;
1059 4251 1195 4316 articulo
