2946 5046
1194 339 1255 405 aot

165 547 337 628 impresso,
371 546 522 628 utrinque
555 545 701 610 obsolete
734 545 1149 629 tuberculato-prominulo.
1195 545 1298 610 Pedes

164 648 403 726 rufo-testacei,
426 646 604 713 femoribus
628 649 771 712 maxima
787 668 827 711 ex
842 654 943 729 parte,
961 646 1048 711 tibiis
1064 648 1135 729 plus
1152 648 1300 712 minusve

165 750 348 830 infuscatis,
372 751 458 815 tibiis
480 751 598 816 enticis
621 757 714 816 extus
737 752 822 814 8-9
845 751 997 832 spinosis.

273 853 285 916 l
307 854 378 935 ripa
399 855 515 918 limosa
537 853 679 917 fluminis
701 853 761 917 Nili
784 871 886 935 prope
909 852 1021 918 urbem
1039 851 1135 918 Cairo
1152 854 1180 917 d.
1193 855 1294 917 7-11

165 957 281 1020 Martis
307 957 387 1023 1896
411 965 536 1039 captus,
561 958 641 1021 satis
663 956 847 1038 frequenter
870 975 1026 1022 occurere
1049 957 1180 1022 videtur.

273 1148 323 1211 29.
366 1150 570 1210 Heterocerus
592 1148 734 1227 Ahngeri
757 1165 787 1210 n.
812 1165 858 1228 sp.

274 1265 449 1348 Oblongus,
484 1265 604 1346 fuscus,
638 1265 834 1348 subopacuS,
872 1265 982 1343 dense,
1008 1262 1148 1330 breviter
1171 1265 1298 1330 albido-

167 1371 352 1452 pubescens
385 1377 417 1435 ct
439 1388 538 1453 parce
561 1371 727 1451 pilosulus‚
752 1369 858 1450 capite
881 1369 985 1450 piceo,
1010 1369 1206 1450 prothorace
1229 1389 1298 1434 me-

167 1474 223 1537 dio
240 1473 460 1556 lateribusque
475 1474 539 1538 late
554 1467 837 1554 rulo-ferrugineo,
854 1472 1015 1550 antennis,
1033 1489 1099 1551 ore,
1116 1478 1298 1559 prosterne,

167 1577 307 1659 pedibus
339 1596 413 1641 eum
444 1577 534 1641 coxis
558 1575 786 1655 anterioribus,
812 1575 911 1640 limbo
935 1575 1000 1640 lato
1024 1574 1208 1639 abdominis
1232 1576 1299 1658 ely-

164 1680 292 1762 trisqne
327 1677 445 1761 pallide
478 1680 645 1759 testaceis3
668 1678 721 1742 his
745 1679 838 1760 signo
863 1679 1014 1742 distincto
1037 1697 1170 1743 ramoso
1193 1679 1299 1759 longi-

165 1781 305 1846 tudinali
338 1775 530 1865 maculaque
563 1783 689 1864 postica
724 1783 839 1863 nigris;
862 1782 1057 1864 prothorace
1081 1781 1152 1845 basi
1175 1782 1215 1844 ad
1239 1800 1299 1845 an-

165 1886 262 1966 gulos
285 1885 430 1965 posticos
454 1886 650 1965 marginato;
673 1885 760 1949 linea
776 1885 903 1950 elevata
919 1883 1066 1950 femorali
1083 1885 1116 1947 in
1129 1891 1298 1965 segmento

167 1989 275 2070 primo
300 1987 481 2052 abdominis
504 1989 667 2052 continuo.
713 1988 812 2069 Long.
835 1988 948 2052 2—2.5
975 2007 1047 2051 mm.

275 2089 317 2154 H.
342 2091 492 2154 troanno
515 2091 609 2156 Reitt.
634 2099 759 2155 statura
783 2098 814 2154 et
829 2091 1004 2172 signaturis
1021 2091 1195 2172 elytrorum
1211 2089 1298 2152 haud

167 2194 345 2273 dissimilis,
369 2193 425 2258 sed
447 2194 533 2258 linea
555 2192 702 2258 femorali
726 2194 891 2274 continua,
915 2194 1089 2274 signaturis
1105 2192 1298 2272 angustiori-

167 2297 240 2376 buS,
276 2296 538 2374 distinctionibus,
561 2298 595 2360 in
618 2296 729 2362 fasciis
752 2297 1023 2362 transversalibus
1047 2296 1133 2360 baud
1156 2295 1298 2359 dilatatis

166 2401 323 2464 distincta
345 2400 479 2466 videtur.
502 2436 541 2445 —
566 2398 669 2482 Caput
694 2401 832 2481 nigrum,
856 2401 964 2464 antice
991 2398 1298 2481 niveo-pubescens

166 2505 284 2586 clypeo
300 2498 399 2584 'apice
422 2502 670 2567 bituberculato
700 2503 882 2568 Protborax
905 2504 1031 2584 apicem
1055 2521 1168 2567 versus
1184 2509 1298 2566 rotun-

167 2607 467 2688 dato-angustatus,
502 2605 805 2687 rufo-ferrugineus
839 2607 929 2670 disco
964 2607 1068 2688 plagis
1101 2604 1226 2668 duabus
1251 2605 1300 2667 in-

167 2709 393 2774 determinatis
435 2708 664 2790 nigro-inscie,
703 2709 803 2774 dense
837 2709 1046 2773 subtilissime
1080 2709 1298 2790 punctulatuS,

166 2813 255 2895 pube
290 2812 390 2876 densa
422 2812 612 2878 flavescenti
645 2813 783 2895 pilisque
818 2813 934 2876 erectis
967 2812 1160 2876 intermixtis
1184 2817 1299 2888 tectus⁷

167 2916 324 2979 lateribus
356 2916 483 2996 longius
516 2916 642 2980 ciliatis
686 2916 794 2999 Elytra
827 2916 1022 2998 prothorace
1044 2934 1159 2997 parum
1184 2915 1300 2978 latiora

168 3027 202 3084 et
224 3019 392 3083 latitudine
415 3037 475 3082 sua
502 3019 571 3099 12]³
594 3019 752 3100 longiore,
778 3019 905 3083 modice
921 3036 1077 3097 convexa,
1101 3018 1201 3082 dense
1223 3016 1300 3080 sub-

166 3121 317 3186 tilissime
339 3122 539 3203 punctulata,
562 3121 680 3204 pallide
703 3127 861 3200 testacea,
885 3121 969 3203 pube
992 3121 1090 3184 simili
1112 3122 1200 3184 acin
1223 3139 1300 3200 pro-

167 3227 305 3289 thorace
326 3232 423 3304 tecta,
447 3225 480 3288 in
503 3225 628 3306 singulo
653 3226 756 3307 elytro
774 3226 941 3306 signatura
956 3225 1049 3306 nigra
1065 3223 1299 3305 longitudinali,

168 3347 247 3391 mox
282 3345 366 3408 pone
399 3326 493 3390 basin
523 3329 555 3390 in
580 3327 687 3391 medio
712 3328 798 3390 inter
821 3334 965 3391 suturam
990 3335 1021 3392 et
1045 3327 1162 3390 callum
1187 3326 1300 3389 hume-

167 3430 272 3494 ralem
295 3430 488 3511 egrediente,
512 3430 651 3511 primum
675 3448 749 3493 cnm
778 3435 890 3492 sutura
912 3429 1074 3510 parallela,
1098 3428 1206 3510 paullo
1223 3435 1301 3490 ante

169 3532 313 3596 medium
345 3539 437 3598 extus
459 3533 565 3614 paullo
589 3533 724 3597 dilatata
750 3539 781 3596 et
805 3550 917 3596 versus
940 3539 1083 3595 suturam
1108 3538 1243 3595 curvata
1267 3537 1300 3594 et

169 3655 246 3699 cum
269 3637 354 3702 linea
377 3635 573 3701 subsuturali
596 3635 741 3717 ejusdem
766 3635 883 3698 coloris
905 3635 1088 3716 conjuncta,
1106 3653 1207 3715 prope
1230 3635 1300 3713 api-

169 3757 244 3803 cem
269 3740 396 3803 macula
419 3739 511 3820 nigra
539 3739 725 3813 rotundata,
765 3738 924 3801 interdum
957 3757 1030 3801 cnm
1054 3737 1138 3800 linea
1165 3737 1300 3800 saturali

169 3841 364 3906 confluente.
408 3840 534 3922 Corpus
557 3842 669 3904 subtus
694 3840 832 3919 fuscum,
856 3847 1037 3922 prosterno,
1065 3840 1201 3921 pedibus
1225 3859 1299 3903 cum

170 3947 263 4009 coxis
286 3945 404 4008 anticis
426 3953 457 4009 et
481 3945 615 4026 posticis
639 3943 947 4025 ventrisque-limbo
972 3944 1037 4007 lato
1063 3943 1179 4025 pallide
1203 3950 1301 4007 testa·

170 4048 255 4127 ceis;
288 4047 374 4111 tibiis
408 4048 524 4112 anticis
559 4053 651 4112 extus
686 4046 836 4111 dentibus
859 4047 986 4110 circiter
1012 4049 1050 4111 10
1072 4047 1177 4110 acutis
1200 4047 1300 4126 spini-

170 4149 329 4214 formibus
352 4152 491 4216 munitis.
524 4151 622 4216 Linea
645 4149 791 4215 femorali
815 4151 940 4215 elevata
962 4150 994 4213 in
1011 4156 1179 4229 segmento
1196 4149 1301 4231 primo

170 4252 308 4317 ventrali
333 4272 434 4335 usque
457 4254 499 4318 ad
522 4252 615 4317 basin
638 4253 798 4333 segmenti
822 4254 1020 4317 continuata.
