2946 5046
333 334 396 398 294

289 519 437 585 harenae
460 518 635 583 Fluctibus
659 519 808 584 udumsis
829 520 977 602 oppilare
993 519 1077 586 canu
1093 525 1223 603 contre,
1242 520 1327 586 Onne
1342 540 1427 583 nruve

283 627 472 705 permotam
495 622 603 686 uentis
624 622 695 686 ertit
716 623 809 688 intua
824 623 997 689 burenune.
1030 625 1115 689 Nam
1130 623 1199 690 fere
1215 643 1336 690 omnes
1351 623 1428 687 ostiu

289 729 405 790 contre
427 745 501 789 cum
525 724 792 790 antecedentibus
815 726 1025 806 coniungunt,
1049 746 1134 810 quae
1158 727 1252 792 varie
1276 727 1427 807 interpre-

287 835 406 893 tantur.
452 828 510 893 Alii
532 827 632 893 verba
654 827 808 907 flarebbns
832 828 980 893 aduncis
1003 831 1044 895 ad
1067 830 1174 912 ipsum
1197 829 1324 894 flumen
1340 848 1426 912 spee-

287 938 358 996 tare
380 937 504 1012 putant,
528 931 581 995 alii
604 930 643 994 de
667 932 765 995 maris
788 931 937 996 fluctibus
959 933 1012 1014 agi
1034 934 1156 998 rectius
1177 934 1427 1014 contendunt1).

290 1032 450 1114 Oppilnre
484 1034 629 1098 nonnulli
658 1071 697 1080 -
727 1035 811 1098 inter
838 1053 921 1116 quos
948 1035 1125 1100 Lambinus
1157 1073 1198 1082 —
1222 1056 1287 1118 pro
1310 1037 1428 1100 intran-

288 1137 384 1200 sitive
419 1136 549 1216 habent,
583 1137 710 1218 plurimi
744 1145 853 1202 autem
888 1137 971 1201 canu
1005 1139 1172 1203 obiectum
1207 1158 1285 1204 esse
1312 1140 1427 1217 dicunt,

288 1239 374 1320 quod
398 1239 438 1303 sit
461 1238 595 1303 verbum
620 1239 700 1302 alias
722 1257 852 1322 semper
874 1241 1087 1306 transitivum.
1132 1242 1201 1306 Hos
1228 1242 1427 1307 contradici

287 1348 395 1424 potest
418 1344 533 1406 contre
557 1342 628 1405 adv.
653 1348 720 1406 tum
744 1342 920 1421 abundare,
944 1362 1021 1408 nam
1044 1345 1105 1409 illis
1133 1345 1223 1428 apud
1249 1345 1427 1410 Lucretium

288 1452 319 1511 et
343 1445 517 1526 Vergilium
543 1445 623 1509 locis
645 1444 700 1507 ubi
723 1444 830 1510 verbis
854 1464 927 1510 cum
952 1445 989 1510 ob
1013 1449 1062 1512 vel
1085 1468 1121 1512 re
1145 1449 1343 1531 compositis
1359 1469 1428 1512 con·

289 1551 340 1611 trn
374 1567 432 1631 per
465 1549 689 1629 pleonasmum
725 1549 853 1612 additur
874 1549 1007 1614 verbum
1031 1551 1278 1615 intransitivum
1302 1558 1364 1631 est;
1386 1551 1429 1615 clr

285 1652 496 1716 Kraetschius
526 1673 554 1734 p.
583 1653 633 1716 67.
679 1651 749 1731 Qua
780 1652 820 1717 de
848 1671 883 1717 re
905 1653 1205 1719 Boekemuellerum
1233 1655 1335 1720 credo
1359 1675 1427 1719 con·

288 1759 341 1818 tre
374 1755 416 1818 ad
439 1753 539 1820 verba
562 1755 732 1837 sequentia
756 1756 916 1821 rettulisse
939 1757 1113 1823 dicentem:
1136 1760 1258 1822 contra
1281 1757 1425 1823 schlicsst

287 1877 350 1939 eng
375 1877 417 1922 an
438 1861 632 1938 permotum.
678 1857 743 1923 Sed
766 1859 886 1924 rectius
909 1866 1072 1927 commate
1095 1866 1171 1942 post
1194 1860 1350 1942 oppilare
1372 1881 1427 1944 po-

286 1962 348 2025 sito
383 1960 483 2024 verba
519 1959 602 2024 ostiu
625 1964 741 2024 contra
763 1961 804 2024 ad
828 1962 1031 2027 enuntiatum
1053 1964 1238 2044 temporale
1261 1963 1427 2030 referenda

285 2082 359 2129 esse
391 2070 479 2145 puto.
523 2064 604 2127 Nam
638 2063 775 2146 primum
809 2064 892 2129 haec
926 2065 1142 2148 interpunctio
1178 2067 1427 2132 commendatur

286 2188 313 2232 v.
348 2168 412 2232 715
443 2166 514 2230 Aut
545 2165 626 2246 quio
658 2171 741 2231 erent
773 2170 898 2232 aestate
928 2167 1118 2249 uenationes
1146 2169 1233 2234 ostiu
1258 2175 1376 2236 contre
1397 2176 1424 2236 et

285 2271 349 2334 hoc
382 2271 455 2335 loco
488 2268 634 2335 Senecae
668 2270 739 2334 Nat.
774 2277 898 2354 quaest.
923 2271 1007 2335 [Vn
1035 2272 1077 2336 22
1098 2271 1128 2336 si
1153 2271 1290 2338 Theleti
1313 2272 1425 2352 medis,

289 2373 408 2437 etesiae
443 2371 655 2437 descendenti
684 2372 761 2437 Nilo
784 2373 947 2439 resistunt
968 2377 1000 2438 et
1021 2394 1138 2439 curans
1162 2375 1236 2440 eius
1261 2380 1334 2442 ueto
1355 2397 1425 2442 con-

286 2480 339 2540 tre
370 2476 453 2540 nstin
477 2475 562 2539 mori
584 2475 761 2541 arretinent
807 2477 930 2543 Deinde
951 2478 1051 2543 verba
1074 2480 1324 2546 enuntiatorum
1347 2473 1426 2546 inter

285 2599 320 2645 se
355 2581 462 2662 aptius
496 2587 678 2661 congruunt
710 2600 855 2664 mucuns
882 2585 1056 2664 conpertus
1078 2580 1229 2647 burenue
1252 2584 1302 2668 (a)
1324 2582 1426 2664 flnct-

285 2683 345 2747 bns
380 2682 527 2748 uniuersis
563 2682 611 2768 (b)
645 2682 794 2764 oppilare
821 2683 880 2768 (c):
909 2683 992 2748 osea
1015 2687 1131 2749 eontra
1154 2683 1211 2768 (c')
1236 2706 1314 2750 cunt
1337 2706 1425 2750 mure

277 2790 468 2867 perunctum
499 2786 606 2851 uentis
640 2786 700 2871 (b')
734 2786 805 2850 ertit
837 2787 930 2852 intua
952 2785 1115 2852 burenum
1137 2787 1210 2871 (a').
1256 2789 1304 2854 lta
1328 2790 1422 2855 inter-

285 2890 461 2971 punctione
484 2888 571 2954 fecta
595 2889 744 2970 oppilare
768 2909 826 2971 pro
850 2890 1054 2954 intransitivo
1076 2895 1184 2973 potest
1207 2893 1327 2974 accipi,
1351 2893 1424 2975 quia

284 2991 451 3056 Lueretius
485 3011 583 3074 saepe
615 2992 808 3056 infinitivum
835 2992 1078 3058 transitivorum
1101 2993 1311 3060 intransitive
1333 3013 1422 3060 usur-

284 3103 349 3177 pat,
374 3096 431 3160 sed
454 3097 560 3178 aptius
582 3097 721 3177 intellegi
744 3102 849 3178 potest
874 3095 1040 3162 obiectum
1063 3095 1192 3175 flumen
1214 3099 1269 3163 vel
1292 3118 1423 3164 carerem

283 3197 444 3277 fluentium,
468 3199 514 3264 cfr
537 3219 565 3262 v.
589 3201 661 3264 717.

749 3359 951 3453 procul.

388 3543 526 3609 Constat
555 3545 738 3609 Lucretium
765 3543 867 3607 Ennio
892 3543 975 3608 duce
997 3525 1082 3608 inter
1104 3542 1285 3625 scriptores
1308 3546 1420 3609 latinos

281 3647 422 3728 primum
453 3647 574 3710 nudum
603 3646 779 3710 ablativum
800 3645 921 3727 procul
942 3644 1096 3711 adverbio
1121 3643 1312 3712 adiunxisse
1335 3649 1419 3712 locu·

283 3751 370 3814 tione
395 3749 492 3813 ctrnbic
506 3749 625 3830 procul
646 3769 724 3813 usus
746 3750 796 3813 his
819 3750 915 3815 loeis:
938 3750 950 3812 1
973 3749 1417 3831 812;11261;111433;638;

280 3853 309 3917 V
332 3853 408 3932 2583
425 3853 465 3916 Vl
482 3853 556 3932 2493
574 3854 649 3932 7193
668 3853 760 3916 1039.
794 3851 899 3932 Quam
916 3853 1115 3917 locutionem
1131 3852 1197 3916 iam
1214 3847 1315 3919 antea
1331 3871 1416 3917 usur·

239 3986 245 3994 ·
281 3963 395 4039 palam
418 3974 490 4020 esse
513 3955 684 4019 verisimile
704 3961 753 4019 est
769 3954 983 4037 Lueretioque
998 3962 1131 4036 propter
1147 3962 1289 4020 metrum
1306 3973 1415 4036 aceep-

384 4165 405 4228 ¹)
430 4162 580 4214 (tiussanus
606 4161 678 4215 solue
697 4161 820 4215 dativum
839 4161 939 4214 statuit
957 4161 1163 4229 interpretatus:
1183 4160 1284 4215 ehiude
1301 4161 1328 4214 la
1344 4163 1414 4227 porta

280 4246 309 4299 in
327 4247 413 4300 faccia
431 4247 550 4315 (coritae)
568 4247 593 4299 ai
611 4247 684 4300 flutti
703 4248 757 4314 (del
776 4247 848 4314 Nilo)
870 4247 918 4300 che
936 4261 1061 4314 vengono
1078 4245 1212 4302 incontra.
