2946 5046
1092 327 1149 388 181

59 531 187 594 lissima
211 532 435 613 longitudinali
458 533 609 614 utrinque
631 531 832 609 abbreviata,
848 531 889 594 ad
908 532 1085 611 marginem
1102 530 1195 595 basa-

60 635 123 697 lem
160 636 373 699 transversim
406 636 584 717 impressus
607 644 637 698 ct
662 635 812 715 utrinque
835 634 914 696 satis
937 632 1062 699 fortiter
1083 633 1193 699 foveo·

59 737 158 816 latus,
183 737 269 817 plica
290 737 378 800 intra
401 739 538 818 angulos
561 737 706 818 posticos
729 735 884 800 obsoleta.
929 736 1036 818 Elytra
1059 738 1193 817 protho-

59 857 137 904 raee
163 859 278 921 parum
302 840 428 920 latiora,
452 840 623 904 latitudine
647 840 744 921 duplo
768 839 925 920 longiora,
949 839 1103 904 lateribus
1118 841 1196 904 sub·

60 944 231 1025 parallelo,
269 944 396 1025 postico
430 943 548 1008 obtuse
575 943 750 1007 rotundata
772 949 807 1005 ut
830 943 862 1004 in
886 944 1003 1006 ceteris
1026 943 1196 1023 speciebus

59 1048 158 1128 hujus
180 1047 309 1128 generis
332 1046 494 1111 abdomen
518 1053 621 1110 totum
645 1046 805 1126 tegentia;
822 1064 920 1126 supra
936 1045 1100 1126 depressa,
1117 1047 1194 1110 sub-

58 1151 160 1213 tiliter
191 1150 341 1214 alutacea
364 1156 396 1212 et
421 1150 500 1212 satis
524 1149 674 1213 distincte
697 1149 896 1230 punctulata,
920 1149 1048 1229 punctis
1071 1151 1193 1230 sparsis

58 1253 193 1316 minime
225 1253 259 1315 in
293 1253 379 1315 striis
414 1252 581 1329 ordinatis,
617 1251 674 1317 sed
708 1252 797 1315 disco
833 1251 1070 1316 obsoletissime
1098 1255 1191 1334 quasi

59 1355 314 1435 longitudinater
337 1355 563 1433 canaliculato,
588 1356 658 1418 basi
682 1355 766 1418 inter
788 1355 958 1417 humerum
975 1362 1006 1417 et
1022 1357 1189 1419 scutellum

57 1458 172 1522 leviter
195 1458 363 1538 impressa.
476 1447 477 1450 '

165 1560 301 1624 Habitat
336 1561 368 1623 in
403 1560 509 1624 insula
544 1559 688 1642 Corcyra
720 1561 896 1624 rarissime.
941 1559 1007 1624 Sub
1033 1560 1116 1625 foliis
1151 1561 1191 1624 ad

56 1663 190 1727 radices
215 1661 355 1740 Quercus
377 1661 547 1744 cocnferue
570 1664 732 1727 maximae
754 1681 855 1745 prope
871 1664 977 1727 vicum
994 1664 1086 1745 Ropa
1106 1665 1133 1727 d.
1153 1665 1191 1727 13

55 1766 195 1831 lanuari
223 1769 304 1830 1899
327 1767 458 1830 unicum
482 1768 647 1848 specimen
670 1767 788 1832 inveni.
820 1766 939 1831 Postea
963 1785 1061 1848 saepe
1076 1768 1191 1832 eodem

57 1871 132 1933 loco
160 1869 280 1932 frustra
304 1869 456 1950 quaesivi.

168 2060 195 2122 8.
241 2062 425 2120 Metabletus
447 2053 619 2121 accantifer
642 2058 737 2121 Rallr.

165 2176 342 2258 OblonguS,
367 2177 612 2259 subdcpressu5‚
649 2179 748 2258 niger,
772 2178 902 2258 nitidus,
927 2180 1078 2244 antennis
1101 2180 1191 2260 pedi-

58 2262 186 2363 busgue
209 2281 286 2344 totis
308 2280 410 2360 flavis,
434 2281 544 2363 elyuis
567 2279 693 2360 albidis
716 2282 812 2344 litura
834 2300 953 2363 magna
976 2283 1110 2347 suturali
1133 2303 1191 2346 an-

57 2386 123 2448 tice
158 2383 201 2448 ad
223 2384 390 2448 scutellum
415 2384 549 2447 dilatata
574 2384 680 2448 medio
704 2403 782 2448 cum
802 2383 903 2448 fascia
927 2393 1065 2466 angusta
1088 2404 1191 2466 angu-

56 2488 170 2551 lariter
203 2486 348 2550 flexuosa
383 2486 566 2551 confluente
593 2487 757 2569 limboque
780 2487 896 2569 apicali
919 2488 1032 2568 nigris;
1055 2485 1191 2569 protho-

56 2608 135 2654 race
169 2608 283 2670 parum
319 2595 506 2655 transverso
542 2591 648 2672 capite
681 2591 768 2655 baud
796 2591 920 2670 latiore,
946 2594 1069 2672 postiae
1093 2610 1192 2671 angu-

57 2701 155 2772 stale,
180 2699 257 2757 ante
280 2692 373 2756 basin
397 2693 483 2757 haud
507 2695 649 2773 sulcato;
673 2695 782 2776 elytris
805 2694 1043 2758 obsoletissime
1059 2695 1190 2770 striatis,

59 2798 138 2861 setis
171 2796 273 2860 tribus
307 2796 503 2874 lateralibus,
534 2799 638 2878 prima
661 2798 827 2874 humerali,
852 2798 996 2861 secunda
1019 2815 1105 2878 pone
1128 2815 1192 2860 me·

61 2901 160 2978 diurn,
186 2900 297 2963 ultimo
322 2907 397 2964 ante
421 2902 546 2980 apicem
572 2902 778 2981 longissimis.
822 2901 919 2981 Long.
944 2902 995 2979 25
1020 2920 1095 2963 mm.

164 2999 323 3066 Dromius
363 3001 585 3083 (Leonymus)
624 3003 800 3085 ucceulifeu
838 3004 934 3067 Rallr.
974 3004 1107 3068 Revue
1146 3003 1189 3065 de

57 3104 215 3183 Zoolog.
241 3105 348 3184 1873,
372 3107 413 3169 29
436 3123 499 3171 sec.
523 3105 555 3169 L.
579 3107 676 3172 Bedel
699 3109 732 3170 in
755 3109 812 3171 litt.

165 3206 298 3288 Species
321 3208 467 3289 pulchra,
490 3207 536 3270 M.
560 3209 729 3290 scoputlurt'
752 3211 817 3292 Dej.
841 3210 955 3289 affinis,
969 3209 1025 3273 sed
1042 3208 1192 3270 distincto

58 3311 165 3385 latior,
201 3310 376 3391 elytrorum
408 3314 576 3392 signatura
609 3315 751 3395 setisque
783 3313 970 3378 lateralibus
993 3308 1191 3391 longioribus

59 3413 204 3494 insignis.
228 3449 267 3458 -
291 3411 396 3493 Caput
420 3422 451 3478 et
475 3416 653 3495 prothorax
677 3422 840 3479 structura
864 3423 898 3478 ut
913 3416 946 3477 in
961 3413 1008 3477 M.
1024 3411 1192 3493 scapulari

58 3516 116 3580 sed
153 3516 231 3579 setis
266 3516 373 3596 paullo
401 3517 614 3598 longioribus3
648 3518 753 3582 fronte
781 3519 931 3599 utrinque
955 3536 1055 3599 prope
1079 3516 1191 3580 oculos

57 3620 174 3684 leviter
196 3618 472 3698 longitudinaliter
492 3620 662 3703 impressa,
680 3622 784 3702 palpis
799 3620 1072 3701 rufo-ferugineiS,
1089 3619 1192 3682 oculis

57 3721 197 3802 magnis,
223 3721 350 3786 modice
366 3723 529 3786 convexis
553 3724 725 3789 Antemnae
740 3732 865 3803 tenues,
882 3724 999 3806 pallide
1015 3731 1189 3793 testaceae,

56 3824 205 3889 articulis
239 3823 341 3888 tribus
372 3822 537 3888 besalibus
560 3826 689 3907 glabris,
715 3828 830 3891 ceteris
854 3828 993 3891 tenuiter
1016 3826 1192 3907 pubescen-

55 3929 154 4007 ribus,
190 3928 377 4009 penultimis
411 3929 579 3992 latitudine
613 3930 678 3993 fere
712 3930 809 4012 duplo
832 3930 1039 4012 longioribus.
1086 3930 1190 4012 Elytra

56 4031 242 4109 latiuscula,
277 4031 480 4111 protboracis
514 4031 584 4095 basi
618 4034 715 4114 duplo
749 4035 865 4097 latiora
888 4041 920 4098 et
942 4033 1108 4097 latitudine
1131 4053 1191 4095 sua

53 4137 110 4198 vix
148 4132 258 4214 sesqui
293 4132 448 4213 longiora,
485 4135 626 4199 humeris
660 4137 723 4200 late
757 4137 948 4214 rotundatis,
973 4137 1097 4216 postiae
1120 4153 1190 4197 arn-

53 4237 176 4320 pliatis,
201 4235 346 4315 margine
379 4238 497 4318 apicali
520 4239 759 4303 obsoletissime
781 4241 921 4317 sinuato,
946 4239 1023 4301 setis
1047 4238 1188 4301 laterali-
