2946 5046
1091 321 1156 387 295

61 523 141 595 tam,
176 532 250 579 cum
286 514 405 579 locutio
429 513 533 594 magis
556 512 745 578 solitariae
769 510 867 574 darbia
891 528 956 574 uon
978 528 1083 593 aeque
1105 508 1200 576 facile

62 617 137 683 ferri
161 618 275 700 quiret.
313 614 436 681 Ceteris
461 617 541 680 loeis
563 615 619 679 ubi
642 615 848 680 inveniuntur
870 613 1001 678 ablativi
1024 614 1076 676 alii
1099 632 1197 696 quam

63 719 162 784 (lubio
179 737 308 801 semper
322 737 343 783 a
357 718 506 784 Lucretio
522 718 695 801 apponitur
711 736 731 780 o
747 716 954 799 praepositio,
967 715 1084 797 quibus
1096 717 1198 781 omui-

61 823 124 887 bus
156 823 238 887 locis
271 821 430 887 ablativus
464 840 537 886 cum
572 821 814 903 praepositione
844 819 1037 884 coniunctus
1061 819 1103 882 ad
1125 838 1198 883 ver-

61 926 140 990 bum
174 927 282 1008 potius
315 925 473 990 enuntiati
507 943 605 1006 quam
639 924 680 988 ad
713 922 901 988 adverbium
930 930 979 987 est
1000 921 1198 1002 referendae,

63 1028 110 1094 cfr
133 1029 179 1095 De
202 1047 336 1093 casuum
360 1029 488 1110 syntaxi
512 1028 705 1092 Lucretiana
728 1027 753 1090 ll
775 1045 806 1106 p.
833 1028 901 1091 130.

166 1131 340 1196 Praeterea
363 1129 551 1194 adverbium
576 1129 724 1194 absolute
746 1129 856 1192 multis
878 1129 958 1193 loeis
981 1129 1122 1210 positum
1138 1133 1197 1208 cst,

62 1253 80 1298 e
115 1234 233 1317 quibus
266 1232 377 1299 adfero
411 1233 452 1297 Vl
488 1234 570 1297 1215
604 1232 782 1311 Multoque
809 1230 902 1295 bituri
925 1251 998 1294 cum
1020 1228 1199 1294 inhumato

61 1336 210 1400 iacerent
244 1355 381 1416 corpora
414 1355 520 1416 supro
554 1333 762 1415 Corporibus
792 1338 903 1399 tumea
927 1333 1068 1398 alituum
1090 1353 1198 1416 pertus

62 1443 163 1518 utque
184 1437 336 1519 ferorum
358 1437 429 1501 Aut
447 1437 566 1518 procul
589 1437 774 1518 apsiliebut,
796 1441 835 1500 ut
857 1456 963 1501 ocrem
989 1435 1111 1501 exciret
1126 1436 1198 1500 odo·

60 1562 141 1623 rem,
174 1540 254 1621 Aut,
287 1539 344 1604 ubi
375 1544 541 1623 praetorui,
575 1540 759 1623 torquebat
782 1544 885 1604 azarie
902 1539 1109 1620 propinquo,
1133 1557 1197 1620 quo

60 1645 101 1709 de
134 1644 208 1708 loco
241 1644 323 1709 haec
356 1644 407 1724 egi
441 1643 488 1708 De
517 1662 652 1707 casuum
681 1645 808 1727 syntaxi
832 1644 1025 1708 Lucretiana
1047 1643 1073 1706 Il
1095 1663 1124 1724 p.
1149 1643 1197 1707 13.

59 1747 108 1812 De
140 1745 246 1811 forma
279 1745 469 1828 corporibus
502 1746 648 1811 Holtzius
680 1748 747 1811 Lin.
779 1768 809 1829 p.
848 1749 886 1812 10
908 1748 990 1812 haee
1014 1746 1197 1810 adnotavit:

60 1849 250 1931 corporibus
273 1857 322 1914 est
345 1850 481 1929 dativus,
505 1850 598 1932 qnasi
622 1851 865 1932 superiacerent
887 1848 1088 1932 corporibus
1110 1849 1196 1930 qnod

59 1953 112 2017 vix
136 1951 287 2018 credibile
310 1952 444 2031 videtur,
466 1971 571 2033 neque
592 1953 764 2036 quisquam
785 1954 846 2016 nisi
866 1953 1110 2018 Bockemueller
1126 1971 1196 2015 am-

59 2057 144 2137 plius
166 2057 240 2136 egit.
273 2056 303 2120 ls
326 2056 410 2119 enim
435 2063 600 2121 commate
622 2062 696 2138 post
718 2076 824 2136 supro
847 2057 991 2120 distinxit
1006 2057 1113 2120 locum
1129 2073 1197 2136 ger·

60 2160 190 2224 manice
212 2160 454 2241 interpretatus:
478 2160 586 2224 lenkte
608 2161 721 2225 seinen
744 2159 827 2224 Laui
846 2159 1038 2224 absichtiich
1052 2210 1057 2222 .
1071 2210 1077 2221 .
1092 2210 1098 2222 .
1111 2160 1196 2223 nach

60 2265 150 2327 einer
183 2263 326 2327 anderen
360 2261 447 2327 Seite
474 2261 691 2345 abspringcnd
714 2282 778 2327 von
801 2263 862 2327 deu
886 2262 1032 2344 Kbrpern
1056 2260 1107 2341 ab,
1132 2280 1196 2342 qna

58 2366 321 2447 interpunctione
344 2366 434 2429 locus
458 2366 563 2447 aptius
587 2366 637 2429 edi
661 2366 738 2428 mihi
761 2366 894 2429 videtur.
928 2365 1011 2429 Nam
1033 2371 1196 2429 commate

58 2475 133 2550 post
164 2466 353 2547 corporibus
382 2468 489 2548 posito
518 2466 707 2547 corporibus
730 2486 788 2548 pro
812 2467 953 2531 ablativo
977 2467 1039 2531 loci
1063 2472 1113 2530 est
1136 2485 1195 2548 pu·

58 2570 205 2649 tandum,
241 2570 327 2652 quod
356 2576 387 2634 et
418 2570 533 2634 durum
557 2578 589 2634 et
611 2589 725 2653 parum
749 2571 975 2635 Lucretianum
999 2576 1056 2635 cst.
1101 2569 1196 2650 Quod

58 2675 85 2736 si
121 2673 420 2739 Bockemuellerum
456 2675 631 2754 sequimur,
668 2673 856 2755 corporibus
890 2674 930 2737 ad
959 2672 1058 2737 verba
1076 2672 1197 2753 procul

59 2775 234 2840 obediebat
266 2776 423 2842 referatur
455 2795 591 2842 necesse
625 2784 682 2842 est.
726 2778 822 2860 Nam
843 2776 1010 2841 Lucretius
1041 2795 1140 2858 saepe
1164 2782 1195 2840 et

58 2877 159 2943 verba
191 2897 259 2942 non
292 2880 502 2943 cohaerentia
532 2918 575 2925 —
603 2899 740 2961 corpora
769 2887 802 2945 ot
829 2879 1019 2961 corporibus
1043 2917 1082 2925 -
1106 2880 1195 2942 iuxta

58 2981 159 3063 ponit,
195 2981 234 3046 de
269 3002 333 3065 qua
361 3001 396 3047 re
426 2983 492 3064 agit
515 2983 629 3047 Munro
653 2984 677 3046 Il
701 2983 741 3048 ad
765 2982 872 3063 1875,
896 2992 928 3048 et
950 2983 1049 3047 verba
1073 2984 1194 3048 cohae-

58 3085 164 3148 rentia
198 3086 341 3166 seponit;
376 3084 423 3150 cfr
449 3085 611 3150 Mauro-li
635 3087 675 3149 ad
699 3087 818 3151 11250.
863 3087 946 3167 Quia
966 3086 1085 3168 procul
1107 3085 1194 3167 apud
1274 3105 1280 3118 ·

57 3187 243 3252 Lucretium
272 3188 352 3252 alias
381 3189 442 3252 nisi
465 3208 539 3253 cum
563 3188 706 3253 ablativo
731 3188 828 3252 <tituto
852 3190 937 3254 nude
960 3209 1026 3254 non
1048 3190 1190 3272 ponitur,

57 3287 220 3355 ablativus
250 3291 380 3373 proprie
410 3292 450 3355 de
484 3291 584 3356 vcrbo
612 3291 702 3356 finito
726 3292 853 3374 pendet,
878 3294 929 3356 cui
946 3291 1069 3371 procul
1091 3291 1193 3356 abun-

57 3395 173 3458 danter
196 3394 339 3473 additnr;
361 3393 409 3458 cfr
430 3394 640 3459 Kraetschius
663 3417 692 3478 p.
717 3397 758 3459 66
781 3415 850 3477 sqq.

495 3659 758 3716 seorsum.

160 3805 326 3888 Seorsum,
350 3808 436 3889 quod
460 3808 648 3872 adverbium
672 3827 771 3891 saepe
792 3810 960 3891 reperitur,
979 3809 1193 3892 praepositio·

55 3911 107 3974 nis
140 3910 252 3992 instar,
287 3917 322 3974 ut
354 3910 431 3976 dicit
465 3912 609 3976 Holtzius
644 3912 710 3980 Lin.
740 3935 768 3995 p.
800 3917 829 3993 8,
853 3933 918 3978 uno
943 3915 1014 3977 luco
1038 3921 1194 3994 sequente

56 4013 198 4079 ablativo
222 4033 242 4079 a
265 4013 413 4079 Lucretio
436 4022 623 4097 usurpatur:
648 4016 684 4078 ΙΙΙ
707 4017 770 4081 563
796 4015 935 4097 Scilicet,
958 4016 1088 4079 (avolsus
1104 4015 1193 4079 rudi·

55 4115 147 4180 cibus
180 4120 219 4179 ui
249 4115 369 4196 ucqtu'i
400 4117 504 4181 tritam
530 4116 703 4198 Dispicere
727 4117 796 4198 iprae
820 4118 932 4181 ocutus
955 4138 1022 4182 rem
1045 4138 1191 4181 aceruum

55 4239 189 4300 corpore
225 4222 299 4300 toto,
335 4218 389 4284 ste
424 4220 539 4285 uitium
574 4225 673 4301 (itque
708 4220 842 4284 (ruimus
869 4242 934 4302 per
966 4242 1000 4284 sc
1027 4220 1078 4286 at'l
1093 4240 1192 4302 possa
