2946 5046
1189 330 1250 394 179

154 531 303 611 setigero
337 531 482 596 seeundo
515 549 574 596 seu
607 533 734 612 postico
769 533 974 613 abbreviata;
1009 554 1089 617 poro
1129 537 1293 602 anteriore

156 652 262 716 quam
287 634 320 697 in
342 634 514 715 speciebus
537 635 689 699 omuibus
712 637 861 718 europeis
884 638 1046 718 posterius
1076 640 1192 720 posito,
1216 658 1292 703 mox

157 743 239 800 ante
276 736 418 801 medium
452 737 628 819 elytrorum
655 737 689 800 in
713 739 887 804 interstitio
911 741 962 804 3zo
980 740 1074 822 juxta
1096 741 1209 805 striam
1232 747 1294 806 ter-

157 839 241 900 tiam
266 839 348 918 sit03
371 839 464 920 piceo
487 841 590 921 nigra,
614 841 694 904 satis
717 841 827 920 nitida,
852 843 979 906 macula
1000 862 1119 925 magna
1135 843 1293 908 humerali

157 941 292 1022 aliaque
315 941 442 1021 postica
465 941 600 1021 minore,
623 943 718 1023 apice
739 944 811 1024 ipso
832 944 1104 1010 indeterminatim
1128 945 1293 1029 limboquc

158 1045 254 1107 omni
276 1051 416 1125 augeae
436 1043 683 1110 rufo-testaceis.
728 1045 832 1110 Pedes
854 1047 971 1129 pallide
993 1049 1137 1112 testacei.

268 1145 400 1210 Habitat
423 1147 456 1209 in
479 1146 696 1229 Transcaspia
719 1157 751 1213 et
774 1147 988 1213 Turkestania
1010 1152 1125 1214 ramus.
1160 1150 1210 1214 Ad
1226 1156 1293 1214 sta-

159 1250 286 1314 tionem
319 1249 405 1313 Mula
437 1249 524 1313 llam
551 1268 653 1331 prope
675 1249 765 1316 Mare
787 1250 960 1333 Caspicum
983 1253 1012 1316 d.
1034 1254 1073 1316 21
1099 1254 1174 1318 luni
1197 1254 1292 1318 etad

159 1353 316 1416 Lisitsino
351 1352 384 1414 in
419 1353 586 1433 provincia
619 1351 768 1417 Aulieeta
791 1355 945 1419 nonnulla
968 1357 1147 1438 specimina
1170 1358 1293 1436 inveni,

159 1457 193 1533 in
229 1455 395 1519 territorio
427 1449 534 1519 Merw
557 1456 656 1520 etiam
685 1456 725 1519 ab
750 1457 857 1522 amico
880 1457 991 1522 Konst.
1013 1459 1145 1542 Ahnger
1168 1467 1292 1541 captus.

269 1648 298 1706 6.
344 1645 465 1721 Tachys
486 1643 656 1708 humeralis
679 1664 710 1709 n.
732 1666 780 1727 sp.

239 1759 243 1764 ’
268 1765 590 1846 lineari-elongatus,
625 1769 903 1846 convexiusculus,
927 1768 1142 1850 piceo-niger,
1163 1769 1293 1848 nitidus,

163 1888 231 1948 ore,
266 1869 417 1932 antennis
451 1869 537 1949 totis,
563 1871 691 1933 macula
722 1890 841 1952 magna
862 1872 1113 1936 indeterminata
1135 1872 1294 1936 humerali

163 1971 368 2055 pedibusque
396 1971 512 2052 pallide
541 1970 642 2049 flavis
666 1971 842 2037 femoribus
865 1975 999 2056 posticis
1021 1973 1199 2054 infuscatis,
1222 1995 1294 2057 pro-

163 2077 302 2140 tboraee
325 2075 437 2139 leviter
459 2083 655 2154 transverso,
679 2076 774 2140 basin
796 2095 909 2140 versus
932 2085 1115 2159 augustale,
1139 2078 1294 2142 lateribus

164 2186 241 2244 ante
277 2179 413 2258 angulos
447 2179 592 2260 poeticos
626 2180 867 2245 obtusiusculos
900 2181 987 2244 haud
1009 2180 1159 2258 sinuatis;
1183 2181 1294 2264 elytris

163 2284 253 2346 striis
286 2280 413 2345 duabus
447 2281 489 2344 ad
520 2289 667 2347 suturam
696 2283 860 2364 obsoletis,
885 2284 1002 2349 ceteris
1025 2284 1147 2361 deletis,
1172 2289 1293 2365 puncto

164 2386 277 2449 antico
311 2384 452 2465 setigero
486 2385 593 2465 paullo
619 2392 695 2450 ante
719 2388 861 2451 medium
884 2388 957 2451 loeo
980 2387 1079 2450 striae
1101 2386 1217 2451 tertiae
1240 2404 1294 2467 po·

165 2489 237 2566 sito,
263 2487 443 2568 posteriore
470 2487 578 2569 paullo
596 2507 688 2569 pone
710 2490 837 2570 apicem
861 2495 1065 2554 recurvatam
1089 2489 1220 2553 striolae
1243 2506 1294 2553 re·
1379 2532 1382 2535 -

164 2593 270 2657 flexae
293 2591 409 2671 posite.
453 2591 552 2673 Long.
575 2593 595 2654 2
619 2611 694 2654 mm.

269 2693 365 2757 Mas:
402 2693 499 2757 tarsis
536 2695 668 2776 antieis,÷
691 2695 835 2758 articulis
872 2694 999 2758 duobus
1037 2694 1149 2776 primis
1187 2695 1294 2775 paullo

164 2799 318 2862 dilatatis

273 2899 309 2962 Τ.
332 2897 497 2963 scutellae·
531 2898 637 2965 Germ.
661 2899 766 2963 affinis
789 2901 923 2982 ejusque
945 2901 1103 2964 varietate
1125 2898 1295 2962 dimidiato

165 3005 301 3070 llotseb.
329 3003 417 3067 haud
445 3003 619 3082 dissimilis,
640 3003 697 3066 sed
721 3009 846 3067 statura
869 3003 995 3066 minore
1019 3009 1051 3065 et
1074 3003 1175 3066 multo
1197 3020 1296 3082 angu-

166 3109 268 3172 stiore
293 3113 324 3171 et
347 3105 452 3187 magis
475 3123 622 3170 convexa
647 3107 889 3188 elytrorumque
911 3105 997 3167 striis
1019 3111 1145 3168 tautum
1171 3104 1297 3168 duabus

165 3229 225 3275 nee
262 3228 329 3272 non
363 3208 473 3273 colore
506 3209 598 3289 nigro
633 3208 808 3292 elytrorum
836 3209 939 3288 magis
966 3207 1099 3270 dilatata
1123 3208 1228 3287 primo
1251 3209 1296 3269 iu-

163 3314 250 3377 tuitu
284 3310 540 3392 distinguendus.
564 3347 603 3356 -
627 3309 732 3391 Caput
766 3311 962 3391 prothoraee
985 3310 1092 3391 paullo
1116 3309 1294 3389 angustius,

164 3422 310 3488 ovatum,
352 3414 450 3477 sulcis
482 3412 675 3477 frontalibus
708 3413 850 3476 curvatis
883 3413 989 3475 minus
1023 3410 1205 3493 profundis;
1239 3431 1295 3475 oro

165 3517 335 3598 palpisque
370 3516 486 3598 pallide
516 3514 624 3593 flaviS,
650 3516 752 3579 oeulis
776 3532 873 3596 quam
897 3514 928 3577 in
952 3513 1124 3595 speciebus
1146 3512 1295 3576 affinibus

163 3621 318 3683 distincte
342 3618 531 3683 minoribus.
562 3617 733 3682 Antennae
755 3624 845 3682 totae
866 3617 983 3698 pallide
1005 3625 1179 3695 testaceae,
1197 3635 1295 3699 quam

164 3724 197 3785 in
225 3719 261 3784 T.
285 3720 453 3785 accubituri
475 3722 586 3803 paullo
610 3722 799 3799 crassiores,
823 3720 967 3783 articulis
990 3720 1104 3783 mediis
1127 3719 1296 3783 latitudine

164 3826 278 3908 sesqui
300 3824 508 3906 longioribus.
540 3821 724 3887 Prothorax
748 3823 947 3904 longitudine
970 3823 1022 3885 vix
1046 3823 1087 3904 Ἃ,
1110 3822 1214 3900 latior,
1237 3820 1296 3885 ba-

164 3932 216 3994 sin
255 3946 369 3992 versus
401 3929 522 3992 sensim
558 3927 709 3991 distinete
738 3933 940 4008 angustatus,
963 3924 1118 3988 lateribus
1142 3931 1218 3988 ante
1242 3942 1297 3986 an-

163 4034 261 4114 gulos
284 4032 428 4113 posticos
452 4032 504 4094 vix
527 4031 673 4110 sinuatis,
697 4031 748 4094 bis
771 4030 887 4094 obtuse
910 4029 1084 4109 angulatim
1100 4046 1199 4108 supra
1214 4028 1294 4089 satis

163 4153 344 4213 convexus,
379 4135 504 4215 angulis
538 4133 655 4197 enticis
688 4132 829 4211 deflexis,
863 4130 1018 4196 lateribus
1051 4130 1148 4195 etiam
1172 4129 1296 4209 postice

162 4245 307 4321 anguste
329 4238 519 4319 explanatio,
542 4236 632 4300 sulco
658 4219 764 4301 medio
787 4237 877 4300 tenui
892 4235 1090 4313 abbreviem,
1108 4232 1179 4295 basi
1194 4238 1297 4295 trans-
