<?xml version="1.0" encoding="UTF-8"?>
<!DOCTYPE html PUBLIC "-//W3C//DTD XHTML 1.0 Transitional//EN"
    "http://www.w3.org/TR/xhtml1/DTD/xhtml1-transitional.dtd">
<html xmlns="http://www.w3.org/1999/xhtml" xml:lang="en" lang="en">
 <head>
  <title>
</title>
<meta http-equiv="Content-Type" content="text/html;charset=utf-8" />
  <meta name='ocr-system' content='tesseract 3.04.00' />
  <meta name='ocr-capabilities' content='ocr_page ocr_carea ocr_par ocr_line ocrx_word'/>
</head>
<body>
  <div class='ocr_page' id='page_1' title='image "./departicularumq00hidgoog/departicularumq00hidgoog_0332.png"; bbox 0 0 2946 5046; ppageno 0'>
   <div class='ocr_carea' id='block_1_1' title="bbox 1090 333 1150 397">
    <p class='ocr_par' dir='ltr' id='par_1_1' title="bbox 1090 333 1150 397">
     <span class='ocr_line' id='line_1_1' title="bbox 1090 333 1150 397; baseline -0.033 0"><span class='ocrx_word' id='word_1_1' title='bbox 1090 333 1150 397; x_wconf 80' lang='lat'>291</span> 
     </span>
    </p>
   </div>
   <div class='ocr_carea' id='block_1_2' title="bbox 54 516 1296 598">
    <p class='ocr_par' dir='ltr' id='par_1_2' title="bbox 54 516 1296 598">
     <span class='ocr_line' id='line_1_2' title="bbox 54 516 1296 598; baseline 0.002 -16"><span class='ocrx_word' id='word_1_2' title='bbox 54 523 187 584; x_wconf 86' lang='lat' dir='ltr'>remota</span> <span class='ocrx_word' id='word_1_3' title='bbox 209 523 323 582; x_wconf 88' lang='lat' dir='ltr'>eventa</span> <span class='ocrx_word' id='word_1_4' title='bbox 348 536 415 582; x_wconf 92' lang='lat' dir='ltr'>non</span> <span class='ocrx_word' id='word_1_5' title='bbox 438 525 575 597; x_wconf 84' lang='lat' dir='ltr'>exstare,</span> <span class='ocrx_word' id='word_1_6' title='bbox 598 517 681 582; x_wconf 89' lang='lat' dir='ltr'>haec</span> <span class='ocrx_word' id='word_1_7' title='bbox 706 517 783 581; x_wconf 81' lang='lat' dir='ltr'><strong>dixit</strong></span> <span class='ocrx_word' id='word_1_8' title='bbox 806 517 899 582; x_wconf 83' lang='grc'><strong>1411</strong></span> <span class='ocrx_word' id='word_1_9' title='bbox 924 516 1081 598; x_wconf 82' lang='lat' dir='ltr'>Denique</span> <span class='ocrx_word' id='word_1_10' title='bbox 1096 523 1197 585; x_wconf 82' lang='lat' dir='ltr'>arato·</span> <span class='ocrx_word' id='word_1_11' title='bbox 1293 560 1296 564; x_wconf 27' lang='grc' dir='ltr'><strong><em>ι</em></strong></span> 
     </span>
    </p>
   </div>
   <div class='ocr_carea' id='block_1_3' title="bbox 52 618 1246 4305">
    <p class='ocr_par' dir='ltr' id='par_1_3' title="bbox 52 618 1200 3068">
     <span class='ocr_line' id='line_1_3' title="bbox 53 618 1197 701; baseline 0.003 -18"><span class='ocrx_word' id='word_1_12' title='bbox 53 620 123 684; x_wconf 86' lang='lat' dir='ltr'>rios</span> <span class='ocrx_word' id='word_1_13' title='bbox 150 618 181 683; x_wconf 90' lang='lat' dir='ltr'>si</span> <span class='ocrx_word' id='word_1_14' title='bbox 209 640 321 684; x_wconf 83' lang='lat' dir='ltr'>ronan</span> <span class='ocrx_word' id='word_1_15' title='bbox 359 619 457 684; x_wconf 85' lang='lat' dir='ltr'>anila</span> <span class='ocrx_word' id='word_1_16' title='bbox 489 619 617 700; x_wconf 66' lang='lat' dir='ltr'>piasset,</span> <span class='ocrx_word' id='word_1_17' title='bbox 640 619 708 684; x_wconf 87' lang='lat' dir='ltr'>Noc</span> <span class='ocrx_word' id='word_1_18' title='bbox 732 620 820 683; x_wconf 85' lang='lat' dir='ltr'>locros</span> <span class='ocrx_word' id='word_1_19' title='bbox 843 639 881 683; x_wconf 92' lang='lat' dir='ltr'>ac</span> <span class='ocrx_word' id='word_1_20' title='bbox 895 619 1060 701; x_wconf 80' lang='lat' dir='ltr'>spatiani,</span> <span class='ocrx_word' id='word_1_21' title='bbox 1083 641 1136 685; x_wconf 87' lang='lat' dir='ltr'>ros</span> <span class='ocrx_word' id='word_1_22' title='bbox 1160 642 1197 687; x_wconf 84' lang='lat' dir='ltr'>on</span> 
     </span>
     <span class='ocr_line' id='line_1_4' title="bbox 55 722 1198 804; baseline 0.002 -17"><span class='ocrx_word' id='word_1_23' title='bbox 55 745 122 804; x_wconf 82' lang='lat' dir='ltr'>qroo</span> <span class='ocrx_word' id='word_1_24' title='bbox 160 743 312 803; x_wconf 81' lang='lat' dir='ltr'>quaeqae</span> <span class='ocrx_word' id='word_1_25' title='bbox 345 726 597 804; x_wconf 65' lang='lat' dir='ltr'>personina...</span> <span class='ocrx_word' id='word_1_26' title='bbox 632 722 700 787; x_wconf 87' lang='lat' dir='ltr'>Neo</span> <span class='ocrx_word' id='word_1_27' title='bbox 734 722 819 788; x_wconf 81' lang='lat' dir='ltr'>ciani</span> <span class='ocrx_word' id='word_1_28' title='bbox 842 722 1003 787; x_wconf 73' lang='lat' dir='ltr'><strong><em>durateus</em></strong></span> <span class='ocrx_word' id='word_1_29' title='bbox 1028 723 1198 790; x_wconf 71' lang='lat' dir='ltr'><em>Troiianis</em></span> 
     </span>
     <span class='ocr_line' id='line_1_5' title="bbox 55 824 1197 911; baseline 0 -18"><span class='ocrx_word' id='word_1_30' title='bbox 55 828 228 909; x_wconf 76' lang='lat' dir='ltr'>Parparia</span> <span class='ocrx_word' id='word_1_31' title='bbox 251 830 358 906; x_wconf 84' lang='lat' dir='ltr'>porta</span> <span class='ocrx_word' id='word_1_32' title='bbox 384 824 635 906; x_wconf 71' lang='lat' dir='ltr'>Inflammassot</span> <span class='ocrx_word' id='word_1_33' title='bbox 661 845 760 905; x_wconf 86' lang='lat' dir='ltr'>cqaos</span> <span class='ocrx_word' id='word_1_34' title='bbox 781 829 944 891; x_wconf 84' lang='lat' dir='ltr'>nocturno</span> <span class='ocrx_word' id='word_1_35' title='bbox 970 825 1197 911; x_wconf 65' lang='grc'><strong>(1101109000-</strong></span> 
     </span>
     <span class='ocr_line' id='line_1_6' title="bbox 54 928 1197 1012; baseline 0.003 -18"><span class='ocrx_word' id='word_1_36' title='bbox 54 951 144 994; x_wconf 86' lang='lat' dir='ltr'>rara.</span> <span class='ocrx_word' id='word_1_37' title='bbox 183 929 277 994; x_wconf 91' lang='lat' dir='ltr'>Hunc</span> <span class='ocrx_word' id='word_1_38' title='bbox 299 930 407 994; x_wconf 91' lang='lat' dir='ltr'>locum</span> <span class='ocrx_word' id='word_1_39' title='bbox 430 930 573 994; x_wconf 84' lang='lat' dir='ltr'>Holtzius</span> <span class='ocrx_word' id='word_1_40' title='bbox 597 928 747 1012; x_wconf 83' lang='lat' dir='ltr'>Syntaxis</span> <span class='ocrx_word' id='word_1_41' title='bbox 767 929 979 995; x_wconf 89' lang='lat' dir='ltr'>Lucretianae</span> <span class='ocrx_word' id='word_1_42' title='bbox 998 931 1197 998; x_wconf 89' lang='lat' dir='ltr'>Lineament.</span> 
     </span>
     <span class='ocr_line' id='line_1_7' title="bbox 56 1031 1197 1116; baseline 0.002 -18"><span class='ocrx_word' id='word_1_43' title='bbox 56 1054 87 1115; x_wconf 89' lang='lat' dir='ltr'>p.</span> <span class='ocrx_word' id='word_1_44' title='bbox 110 1033 155 1098; x_wconf 88' lang='grc'>40</span> <span class='ocrx_word' id='word_1_45' title='bbox 177 1033 238 1096; x_wconf 88' lang='lat' dir='ltr'>sub</span> <span class='ocrx_word' id='word_1_46' title='bbox 261 1033 371 1096; x_wconf 87' lang='lat' dir='ltr'>dativo</span> <span class='ocrx_word' id='word_1_47' title='bbox 395 1033 510 1107; x_wconf 88' lang='lat' dir='ltr'>attulit,</span> <span class='ocrx_word' id='word_1_48' title='bbox 533 1051 597 1113; x_wconf 92' lang='lat' dir='ltr'>quo</span> <span class='ocrx_word' id='word_1_49' title='bbox 620 1031 742 1096; x_wconf 85' lang='lat' dir='ltr'>lactum</span> <span class='ocrx_word' id='word_1_50' title='bbox 765 1038 815 1095; x_wconf 90' lang='lat' dir='ltr'>est</span> <span class='ocrx_word' id='word_1_51' title='bbox 837 1039 872 1095; x_wconf 90' lang='lat' dir='ltr'>ut</span> <span class='ocrx_word' id='word_1_52' title='bbox 887 1050 907 1096; x_wconf 88' lang='lat' dir='ltr'>a</span> <span class='ocrx_word' id='word_1_53' title='bbox 922 1033 1084 1114; x_wconf 89' lang='lat' dir='ltr'>plerisque</span> <span class='ocrx_word' id='word_1_54' title='bbox 1104 1035 1197 1116; x_wconf 87' lang='lat' dir='ltr'>igno-</span> 
     </span>
     <span class='ocr_line' id='line_1_8' title="bbox 57 1134 1197 1203; baseline 0.002 -2"><span class='ocrx_word' id='word_1_55' title='bbox 57 1143 197 1201; x_wconf 90' lang='lat' dir='ltr'>raretur.</span> <span class='ocrx_word' id='word_1_56' title='bbox 242 1135 288 1199; x_wconf 83' lang='lat' dir='ltr'>Ex</span> <span class='ocrx_word' id='word_1_57' title='bbox 321 1134 498 1199; x_wconf 82' lang='lat' dir='ltr'>editoribus</span> <span class='ocrx_word' id='word_1_58' title='bbox 533 1135 670 1199; x_wconf 88' lang='lat' dir='ltr'>Lucretii</span> <span class='ocrx_word' id='word_1_59' title='bbox 699 1134 942 1200; x_wconf 90' lang='lat' dir='ltr'>Bockemueller</span> <span class='ocrx_word' id='word_1_60' title='bbox 965 1142 996 1199; x_wconf 90' lang='lat' dir='ltr'>et</span> <span class='ocrx_word' id='word_1_61' title='bbox 1019 1135 1197 1203; x_wconf 89' lang='lat' dir='ltr'>Giussanus</span> 
     </span>
     <span class='ocr_line' id='line_1_9' title="bbox 58 1237 1197 1304; baseline -0.004 -1"><span class='ocrx_word' id='word_1_62' title='bbox 58 1240 156 1303; x_wconf 87' lang='lat' dir='ltr'>nimis</span> <span class='ocrx_word' id='word_1_63' title='bbox 183 1245 279 1303; x_wconf 88' lang='lat' dir='ltr'>caute</span> <span class='ocrx_word' id='word_1_64' title='bbox 301 1239 333 1301; x_wconf 93' lang='lat' dir='ltr'>in</span> <span class='ocrx_word' id='word_1_65' title='bbox 358 1238 600 1303; x_wconf 88' lang='lat' dir='ltr'>commentariis</span> <span class='ocrx_word' id='word_1_66' title='bbox 624 1237 763 1302; x_wconf 86' lang='lat' dir='ltr'>breviter</span> <span class='ocrx_word' id='word_1_67' title='bbox 785 1238 983 1303; x_wconf 79' lang='lat' dir='ltr'>adnotarunt</span> <span class='ocrx_word' id='word_1_68' title='bbox 1003 1239 1086 1303; x_wconf 84' lang='lat' dir='ltr'>clara</span> <span class='ocrx_word' id='word_1_69' title='bbox 1105 1239 1197 1304; x_wconf 82' lang='lat' dir='ltr'>Trai.</span> 
     </span>
     <span class='ocr_line' id='line_1_10' title="bbox 56 1340 1195 1424; baseline 0.004 -20"><span class='ocrx_word' id='word_1_70' title='bbox 56 1341 159 1406; x_wconf 88' lang='lat' dir='ltr'>ionis.</span> <span class='ocrx_word' id='word_1_71' title='bbox 192 1340 307 1405; x_wconf 88' lang='lat' dir='ltr'>Munro</span> <span class='ocrx_word' id='word_1_72' title='bbox 330 1349 439 1405; x_wconf 89' lang='lat' dir='ltr'>autem</span> <span class='ocrx_word' id='word_1_73' title='bbox 463 1341 545 1405; x_wconf 81' lang='lat' dir='ltr'>otoni</span> <span class='ocrx_word' id='word_1_74' title='bbox 569 1341 802 1423; x_wconf 89' lang='lat' dir='ltr'>praepositioni</span> <span class='ocrx_word' id='word_1_75' title='bbox 819 1341 994 1405; x_wconf 82' lang='lat' dir='ltr'>ablativum</span> <span class='ocrx_word' id='word_1_76' title='bbox 1012 1345 1195 1424; x_wconf 90' lang='lat' dir='ltr'>appositum</span> 
     </span>
     <span class='ocr_line' id='line_1_11' title="bbox 55 1442 1197 1530; baseline 0.004 -22"><span class='ocrx_word' id='word_1_77' title='bbox 55 1463 134 1509; x_wconf 87' lang='lat' dir='ltr'>esse</span> <span class='ocrx_word' id='word_1_78' title='bbox 157 1444 332 1509; x_wconf 79' lang='lat' dir='ltr'>contendit.</span> <span class='ocrx_word' id='word_1_79' title='bbox 377 1445 488 1525; x_wconf 87' lang='lat' dir='ltr'>Neque</span> <span class='ocrx_word' id='word_1_80' title='bbox 514 1442 683 1508; x_wconf 78' lang='lat' dir='ltr'><em>Troiianis</em></span> <span class='ocrx_word' id='word_1_81' title='bbox 706 1463 764 1525; x_wconf 93' lang='lat' dir='ltr'>pro</span> <span class='ocrx_word' id='word_1_82' title='bbox 788 1445 896 1509; x_wconf 91' lang='lat' dir='ltr'>dativo</span> <span class='ocrx_word' id='word_1_83' title='bbox 921 1446 1025 1527; x_wconf 87' lang='lat' dir='ltr'>accipi</span> <span class='ocrx_word' id='word_1_84' title='bbox 1048 1465 1114 1510; x_wconf 91' lang='lat' dir='ltr'>non</span> <span class='ocrx_word' id='word_1_85' title='bbox 1137 1467 1197 1530; x_wconf 92' lang='lat' dir='ltr'>po-</span> 
     </span>
     <span class='ocr_line' id='line_1_12' title="bbox 56 1546 1197 1629; baseline 0.002 -18"><span class='ocrx_word' id='word_1_86' title='bbox 56 1554 133 1628; x_wconf 89' lang='lat' dir='ltr'>test,</span> <span class='ocrx_word' id='word_1_87' title='bbox 168 1548 243 1628; x_wconf 92' lang='lat' dir='ltr'>quia</span> <span class='ocrx_word' id='word_1_88' title='bbox 275 1547 401 1611; x_wconf 86' lang='lat' dir='ltr'>dativus</span> <span class='ocrx_word' id='word_1_89' title='bbox 423 1546 530 1612; x_wconf 86' lang='lat' dir='ltr'>verbis</span> <span class='ocrx_word' id='word_1_90' title='bbox 555 1566 651 1629; x_wconf 89' lang='lat' dir='ltr'>quam</span> <span class='ocrx_word' id='word_1_91' title='bbox 675 1546 836 1611; x_wconf 86' lang='lat' dir='ltr'>liberrime</span> <span class='ocrx_word' id='word_1_92' title='bbox 860 1567 880 1612; x_wconf 90' lang='lat' dir='ltr'>a</span> <span class='ocrx_word' id='word_1_93' title='bbox 903 1548 1050 1613; x_wconf 89' lang='lat' dir='ltr'>Lucretio</span> <span class='ocrx_word' id='word_1_94' title='bbox 1074 1550 1197 1615; x_wconf 90' lang='lat' dir='ltr'>adscri-</span> 
     </span>
     <span class='ocr_line' id='line_1_13' title="bbox 57 1650 1198 1731; baseline 0.004 -17"><span class='ocrx_word' id='word_1_95' title='bbox 57 1650 156 1730; x_wconf 86' lang='lat' dir='ltr'>bitur,</span> <span class='ocrx_word' id='word_1_96' title='bbox 190 1651 222 1713; x_wconf 92' lang='lat' dir='ltr'>id</span> <span class='ocrx_word' id='word_1_97' title='bbox 256 1651 343 1731; x_wconf 91' lang='lat' dir='ltr'>quod</span> <span class='ocrx_word' id='word_1_98' title='bbox 383 1651 548 1731; x_wconf 90' lang='lat' dir='ltr'>permultis</span> <span class='ocrx_word' id='word_1_99' title='bbox 588 1651 742 1731; x_wconf 85' lang='lat' dir='ltr'>exemplis</span> <span class='ocrx_word' id='word_1_100' title='bbox 783 1651 908 1714; x_wconf 87' lang='lat' dir='ltr'>ostendi</span> <span class='ocrx_word' id='word_1_101' title='bbox 946 1652 979 1715; x_wconf 92' lang='lat' dir='ltr'>in</span> <span class='ocrx_word' id='word_1_102' title='bbox 1007 1653 1118 1717; x_wconf 88' lang='lat' dir='ltr'>libellis</span> <span class='ocrx_word' id='word_1_103' title='bbox 1152 1654 1198 1719; x_wconf 89' lang='lat' dir='ltr'>De</span> 
     </span>
     <span class='ocr_line' id='line_1_14' title="bbox 55 1752 1198 1836; baseline 0.002 -18"><span class='ocrx_word' id='word_1_104' title='bbox 55 1773 196 1818; x_wconf 88' lang='lat' dir='ltr'>casuum</span> <span class='ocrx_word' id='word_1_105' title='bbox 230 1753 357 1836; x_wconf 78' lang='lat' dir='ltr'>syntaxi</span> <span class='ocrx_word' id='word_1_106' title='bbox 391 1753 584 1817; x_wconf 85' lang='lat' dir='ltr'>Lucretiana</span> <span class='ocrx_word' id='word_1_107' title='bbox 617 1753 720 1816; x_wconf 90' lang='lat' dir='ltr'>editis.</span> <span class='ocrx_word' id='word_1_108' title='bbox 765 1752 829 1818; x_wconf 91' lang='lat' dir='ltr'>Sed</span> <span class='ocrx_word' id='word_1_109' title='bbox 863 1755 965 1819; x_wconf 90' lang='lat' dir='ltr'>multo</span> <span class='ocrx_word' id='word_1_110' title='bbox 992 1757 1098 1836; x_wconf 91' lang='lat' dir='ltr'>aptius</span> <span class='ocrx_word' id='word_1_111' title='bbox 1122 1757 1198 1820; x_wconf 88' lang='lat' dir='ltr'>mihi</span> 
     </span>
     <span class='ocr_line' id='line_1_15' title="bbox 55 1854 1198 1939; baseline 0.004 -18"><span class='ocrx_word' id='word_1_112' title='bbox 55 1874 191 1939; x_wconf 89' lang='lat' dir='ltr'>quoque</span> <span class='ocrx_word' id='word_1_113' title='bbox 225 1854 394 1919; x_wconf 81' lang='lat' dir='ltr'>Troiianis</span> <span class='ocrx_word' id='word_1_114' title='bbox 427 1862 560 1937; x_wconf 88' lang='lat' dir='ltr'>propter</span> <span class='ocrx_word' id='word_1_115' title='bbox 586 1856 691 1937; x_wconf 88' lang='lat' dir='ltr'>ipsam</span> <span class='ocrx_word' id='word_1_116' title='bbox 715 1857 909 1920; x_wconf 88' lang='lat' dir='ltr'>sententiam</span> <span class='ocrx_word' id='word_1_117' title='bbox 933 1876 992 1938; x_wconf 91' lang='lat' dir='ltr'>pro</span> <span class='ocrx_word' id='word_1_118' title='bbox 1015 1857 1068 1921; x_wconf 88' lang='lat' dir='ltr'>abl</span> <span class='ocrx_word' id='word_1_119' title='bbox 1104 1859 1198 1925; x_wconf 87' lang='lat' dir='ltr'>ivoe</span> 
     </span>
     <span class='ocr_line' id='line_1_16' title="bbox 56 1957 1197 2041; baseline 0.004 -18"><span class='ocrx_word' id='word_1_120' title='bbox 56 1961 145 2024; x_wconf 82' lang='lat' dir='ltr'>olari</span> <span class='ocrx_word' id='word_1_121' title='bbox 179 1959 339 2040; x_wconf 89' lang='lat' dir='ltr'>pendente</span> <span class='ocrx_word' id='word_1_122' title='bbox 373 1957 519 2022; x_wconf 88' lang='lat' dir='ltr'>habetur.</span> <span class='ocrx_word' id='word_1_123' title='bbox 564 1959 675 2040; x_wconf 89' lang='lat' dir='ltr'>Neque</span> <span class='ocrx_word' id='word_1_124' title='bbox 708 1958 782 2022; x_wconf 91' lang='lat' dir='ltr'>huic</span> <span class='ocrx_word' id='word_1_125' title='bbox 807 1960 854 2023; x_wconf 91' lang='lat' dir='ltr'>rei</span> <span class='ocrx_word' id='word_1_126' title='bbox 878 1959 954 2040; x_wconf 91' lang='lat' dir='ltr'>quid</span> <span class='ocrx_word' id='word_1_127' title='bbox 1023 1981 1055 2024; x_wconf 92' lang='lat' dir='ltr'>m</span> <span class='ocrx_word' id='word_1_128' title='bbox 1078 1962 1197 2041; x_wconf 87' lang='lat' dir='ltr'>obstat,</span> 
     </span>
     <span class='ocr_line' id='line_1_17' title="bbox 55 2060 1198 2145; baseline 0.003 -18"><span class='ocrx_word' id='word_1_129' title='bbox 55 2063 148 2145; x_wconf 91' lang='lat' dir='ltr'>quod</span> <span class='ocrx_word' id='word_1_130' title='bbox 182 2062 264 2126; x_wconf 86' lang='lat' dir='ltr'>clara</span> <span class='ocrx_word' id='word_1_131' title='bbox 299 2069 330 2127; x_wconf 88' lang='lat' dir='ltr'>et</span> <span class='ocrx_word' id='word_1_132' title='bbox 366 2060 535 2125; x_wconf 81' lang='lat' dir='ltr'>Troiianis</span> <span class='ocrx_word' id='word_1_133' title='bbox 567 2081 649 2126; x_wconf 90' lang='lat' dir='ltr'>voce</span> <span class='ocrx_word' id='word_1_134' title='bbox 683 2061 897 2142; x_wconf 79' lang='lat' dir='ltr'>diiunguntur,</span> <span class='ocrx_word' id='word_1_135' title='bbox 932 2083 1007 2126; x_wconf 91' lang='lat' dir='ltr'>nam</span> <span class='ocrx_word' id='word_1_136' title='bbox 1031 2064 1198 2131; x_wconf 89' lang='lat' dir='ltr'>Lucretius</span> 
     </span>
     <span class='ocr_line' id='line_1_18' title="bbox 56 2164 1198 2249; baseline 0.002 -20"><span class='ocrx_word' id='word_1_137' title='bbox 56 2183 160 2246; x_wconf 83' lang='lat' dir='ltr'>saepe</span> <span class='ocrx_word' id='word_1_138' title='bbox 182 2164 384 2228; x_wconf 85' lang='lat' dir='ltr'>substantiva</span> <span class='ocrx_word' id='word_1_139' title='bbox 408 2181 425 2228; x_wconf 93' lang='lat' dir='ltr'>e</span> <span class='ocrx_word' id='word_1_140' title='bbox 449 2165 690 2245; x_wconf 86' lang='lat' dir='ltr'>praepositione</span> <span class='ocrx_word' id='word_1_141' title='bbox 713 2170 845 2245; x_wconf 85' lang='lat' dir='ltr'>regente</span> <span class='ocrx_word' id='word_1_142' title='bbox 861 2166 1007 2230; x_wconf 85' lang='lat' dir='ltr'>secernit.</span> <span class='ocrx_word' id='word_1_143' title='bbox 1041 2167 1088 2230; x_wconf 88' lang='lat' dir='ltr'>lta</span> <span class='ocrx_word' id='word_1_144' title='bbox 1103 2168 1198 2249; x_wconf 92' lang='lat' dir='ltr'>poni-</span> 
     </span>
     <span class='ocr_line' id='line_1_19' title="bbox 55 2265 1198 2350; baseline 0.001 -18"><span class='ocrx_word' id='word_1_145' title='bbox 55 2276 113 2332; x_wconf 90' lang='lat' dir='ltr'>tur</span> <span class='ocrx_word' id='word_1_146' title='bbox 135 2271 230 2331; x_wconf 85' lang='lat' dir='ltr'>oatra</span> <span class='ocrx_word' id='word_1_147' title='bbox 251 2267 338 2332; x_wconf 88' lang='lat' dir='ltr'>velut</span> <span class='ocrx_word' id='word_1_148' title='bbox 361 2267 372 2329; x_wconf 92' lang='grc' dir='ltr'>Ι</span> <span class='ocrx_word' id='word_1_149' title='bbox 396 2269 436 2331; x_wconf 81' lang='grc'>72</span> <span class='ocrx_word' id='word_1_150' title='bbox 460 2270 554 2330; x_wconf 82' lang='lat' dir='ltr'>entra</span> <span class='ocrx_word' id='word_1_151' title='bbox 577 2265 742 2330; x_wconf 75' lang='lat' dir='ltr'>Processit</span> <span class='ocrx_word' id='word_1_152' title='bbox 764 2266 859 2350; x_wconf 73' lang='lat' dir='ltr'>ionae</span> <span class='ocrx_word' id='word_1_153' title='bbox 880 2267 1092 2346; x_wconf 73' lang='lat' dir='ltr'>riannrontia</span> <span class='ocrx_word' id='word_1_154' title='bbox 1114 2290 1198 2334; x_wconf 82' lang='lat' dir='ltr'>nioe-</span> 
     </span>
     <span class='ocr_line' id='line_1_20' title="bbox 55 2369 1198 2454; baseline 0 -18"><span class='ocrx_word' id='word_1_155' title='bbox 55 2370 121 2436; x_wconf 91' lang='lat' dir='ltr'>nia</span> <span class='ocrx_word' id='word_1_156' title='bbox 150 2369 278 2445; x_wconf 86' lang='lat' dir='ltr'>nandi,</span> <span class='ocrx_word' id='word_1_157' title='bbox 304 2388 499 2450; x_wconf 80' lang='lat' dir='ltr'>ponesano</span> <span class='ocrx_word' id='word_1_158' title='bbox 522 2370 594 2435; x_wconf 90' lang='lat' dir='ltr'>loco</span> <span class='ocrx_word' id='word_1_159' title='bbox 618 2375 792 2451; x_wconf 85' lang='lat' dir='ltr'>usurpatur</span> <span class='ocrx_word' id='word_1_160' title='bbox 815 2370 869 2451; x_wconf 93' lang='lat' dir='ltr'>qui</span> <span class='ocrx_word' id='word_1_161' title='bbox 891 2388 912 2433; x_wconf 86' lang='lat' dir='ltr'>a</span> <span class='ocrx_word' id='word_1_162' title='bbox 935 2370 1077 2452; x_wconf 90' lang='lat' dir='ltr'>plurimis</span> <span class='ocrx_word' id='word_1_163' title='bbox 1099 2391 1198 2454; x_wconf 91' lang='lat' dir='ltr'>prop-</span> 
     </span>
     <span class='ocr_line' id='line_1_21' title="bbox 56 2473 1199 2554; baseline 0.001 -16"><span class='ocrx_word' id='word_1_164' title='bbox 56 2480 110 2539; x_wconf 87' lang='lat' dir='ltr'>ter</span> <span class='ocrx_word' id='word_1_165' title='bbox 142 2473 306 2537; x_wconf 87' lang='lat' dir='ltr'>insolitum</span> <span class='ocrx_word' id='word_1_166' title='bbox 340 2473 487 2536; x_wconf 90' lang='lat' dir='ltr'>ordinem</span> <span class='ocrx_word' id='word_1_167' title='bbox 519 2491 618 2553; x_wconf 89' lang='lat' dir='ltr'>prave</span> <span class='ocrx_word' id='word_1_168' title='bbox 652 2473 830 2554; x_wconf 84' lang='lat' dir='ltr'>explicatus</span> <span class='ocrx_word' id='word_1_169' title='bbox 865 2480 926 2537; x_wconf 90' lang='lat' dir='ltr'>est:</span> <span class='ocrx_word' id='word_1_170' title='bbox 955 2474 980 2536; x_wconf 98' lang='lat' dir='ltr'>ll</span> <span class='ocrx_word' id='word_1_171' title='bbox 1005 2476 1088 2540; x_wconf 85' lang='lat'>1010</span> <span class='ocrx_word' id='word_1_172' title='bbox 1109 2476 1199 2539; x_wconf 80' lang='lat' dir='ltr'>Nora</span> 
     </span>
     <span class='ocr_line' id='line_1_22' title="bbox 52 2573 1197 2659; baseline 0.003 -21"><span class='ocrx_word' id='word_1_173' title='bbox 52 2579 157 2659; x_wconf 80' lang='lat' dir='ltr'>pates</span> <span class='ocrx_word' id='word_1_174' title='bbox 191 2579 328 2639; x_wconf 82' lang='lat' dir='ltr'>aeterna</span> <span class='ocrx_word' id='word_1_175' title='bbox 355 2595 462 2656; x_wconf 80' lang='lat' dir='ltr'>penes</span> <span class='ocrx_word' id='word_1_176' title='bbox 492 2573 637 2639; x_wconf 85' lang='lat' dir='ltr'>residere</span> <span class='ocrx_word' id='word_1_177' title='bbox 655 2578 784 2655; x_wconf 84' lang='lat' dir='ltr'>potesse</span> <span class='ocrx_word' id='word_1_178' title='bbox 809 2573 955 2656; x_wconf 76' lang='lat' dir='ltr'>Corpora</span> <span class='ocrx_word' id='word_1_179' title='bbox 975 2575 1098 2659; x_wconf 82' lang='lat' dir='ltr'>priora,</span> <span class='ocrx_word' id='word_1_180' title='bbox 1121 2578 1197 2642; x_wconf 92' lang='lat' dir='ltr'>item</span> 
     </span>
     <span class='ocr_line' id='line_1_23' title="bbox 53 2677 1199 2762; baseline 0.002 -20"><span class='ocrx_word' id='word_1_181' title='bbox 53 2697 163 2762; x_wconf 80' lang='lat' dir='ltr'>propo</span> <span class='ocrx_word' id='word_1_182' title='bbox 186 2699 250 2744; x_wconf 92' lang='lat' dir='ltr'>uno</span> <span class='ocrx_word' id='word_1_183' title='bbox 273 2679 360 2743; x_wconf 92' lang='lat' dir='ltr'>loco:</span> <span class='ocrx_word' id='word_1_184' title='bbox 383 2679 424 2743; x_wconf 93' lang='lat' dir='ltr'>Vl</span> <span class='ocrx_word' id='word_1_185' title='bbox 447 2681 509 2743; x_wconf 83' lang='grc'>863</span> <span class='ocrx_word' id='word_1_186' title='bbox 532 2678 712 2758; x_wconf 82' lang='lat' dir='ltr'>Multaque</span> <span class='ocrx_word' id='word_1_187' title='bbox 734 2681 816 2742; x_wconf 90' lang='lat' dir='ltr'>sant</span> <span class='ocrx_word' id='word_1_188' title='bbox 836 2677 926 2761; x_wconf 73' lang='lat' dir='ltr'>iynis</span> <span class='ocrx_word' id='word_1_189' title='bbox 943 2699 1050 2759; x_wconf 82' lang='lat' dir='ltr'>propo</span> <span class='ocrx_word' id='word_1_190' title='bbox 1069 2679 1199 2744; x_wconf 77' lang='lat' dir='ltr'>sentina</span> 
     </span>
     <span class='ocr_line' id='line_1_24' title="bbox 55 2780 1200 2865; baseline -0.001 -18"><span class='ocrx_word' id='word_1_191' title='bbox 55 2802 179 2863; x_wconf 78' lang='lat' dir='ltr'>corpas</span> <span class='ocrx_word' id='word_1_192' title='bbox 214 2780 327 2861; x_wconf 87' lang='lat' dir='ltr'>aquai,</span> <span class='ocrx_word' id='word_1_193' title='bbox 361 2802 463 2862; x_wconf 83' lang='lat' dir='ltr'>saper</span> <span class='ocrx_word' id='word_1_194' title='bbox 494 2800 520 2846; x_wconf 89' lang='lat' dir='ltr'>e.</span> <span class='ocrx_word' id='word_1_195' title='bbox 549 2802 593 2863; x_wconf 83' lang='lat' dir='ltr'>gr.</span> <span class='ocrx_word' id='word_1_196' title='bbox 625 2782 665 2845; x_wconf 82' lang='lat' dir='ltr'>Vl</span> <span class='ocrx_word' id='word_1_197' title='bbox 688 2783 751 2846; x_wconf 84' lang='lat'>515</span> <span class='ocrx_word' id='word_1_198' title='bbox 774 2781 873 2860; x_wconf 87' lang='lat' dir='ltr'>qnasi</span> <span class='ocrx_word' id='word_1_199' title='bbox 896 2780 968 2865; x_wconf 73' lang='lat' dir='ltr'>iani</span> <span class='ocrx_word' id='word_1_200' title='bbox 991 2781 1075 2846; x_wconf 82' lang='lat' dir='ltr'>Cera</span> <span class='ocrx_word' id='word_1_201' title='bbox 1097 2803 1200 2863; x_wconf 80' lang='lat' dir='ltr'>sapa·</span> 
     </span>
     <span class='ocr_line' id='line_1_25' title="bbox 54 2883 1197 2966; baseline -0.002 -16"><span class='ocrx_word' id='word_1_202' title='bbox 54 2883 166 2950; x_wconf 81' lang='lat' dir='ltr'>calido</span> <span class='ocrx_word' id='word_1_203' title='bbox 192 2884 358 2948; x_wconf 76' lang='lat' dir='ltr'>tabescens</span> <span class='ocrx_word' id='word_1_204' title='bbox 380 2884 486 2947; x_wconf 89' lang='lat' dir='ltr'>rnalta</span> <span class='ocrx_word' id='word_1_205' title='bbox 510 2883 677 2963; x_wconf 85' lang='lat' dir='ltr'>liquescat.</span> <span class='ocrx_word' id='word_1_206' title='bbox 712 2884 803 2948; x_wconf 86' lang='lat' dir='ltr'>Adde</span> <span class='ocrx_word' id='word_1_207' title='bbox 827 2884 914 2966; x_wconf 93' lang='lat' dir='ltr'>quod</span> <span class='ocrx_word' id='word_1_208' title='bbox 934 2884 1197 2950; x_wconf 77' lang='grc'><strong>10010001411</strong></span> 
     </span>
     <span class='ocr_line' id='line_1_26' title="bbox 59 2987 922 3068; baseline 0 -17"><span class='ocrx_word' id='word_1_209' title='bbox 59 2987 161 3052; x_wconf 86' lang='lat' dir='ltr'>rerba</span> <span class='ocrx_word' id='word_1_210' title='bbox 184 2987 395 3053; x_wconf 83' lang='lat' dir='ltr'>cohaerentia</span> <span class='ocrx_word' id='word_1_211' title='bbox 418 3006 515 3068; x_wconf 90' lang='lat' dir='ltr'>quam</span> <span class='ocrx_word' id='word_1_212' title='bbox 540 2989 681 3053; x_wconf 81' lang='lat' dir='ltr'>maxime</span> <span class='ocrx_word' id='word_1_213' title='bbox 706 2988 922 3068; x_wconf 87' lang='lat' dir='ltr'>diiunguntur.</span> 
     </span>
    </p>

    <p class='ocr_par' dir='ltr' id='par_1_4' title="bbox 55 3089 1246 3996">
     <span class='ocr_line' id='line_1_27' title="bbox 162 3089 1199 3174; baseline 0.003 -21"><span class='ocrx_word' id='word_1_214' title='bbox 162 3089 213 3153; x_wconf 91' lang='lat' dir='ltr'>Ad</span> <span class='ocrx_word' id='word_1_215' title='bbox 247 3109 341 3154; x_wconf 85' lang='lat' dir='ltr'>usum</span> <span class='ocrx_word' id='word_1_216' title='bbox 375 3090 507 3154; x_wconf 89' lang='lat' dir='ltr'>ablativi</span> <span class='ocrx_word' id='word_1_217' title='bbox 541 3091 625 3155; x_wconf 86' lang='lat' dir='ltr'>clani</span> <span class='ocrx_word' id='word_1_218' title='bbox 659 3092 891 3174; x_wconf 89' lang='lat' dir='ltr'>praepositioni</span> <span class='ocrx_word' id='word_1_219' title='bbox 922 3092 1062 3173; x_wconf 90' lang='lat' dir='ltr'>appositi</span> <span class='ocrx_word' id='word_1_220' title='bbox 1085 3091 1199 3156; x_wconf 89' lang='lat' dir='ltr'>Munro</span> 
     </span>
     <span class='ocr_line' id='line_1_28' title="bbox 55 3193 1200 3276; baseline 0.002 -20"><span class='ocrx_word' id='word_1_221' title='bbox 55 3193 350 3258; x_wconf 89' lang='lat' dir='ltr'>demonstrandum</span> <span class='ocrx_word' id='word_1_222' title='bbox 385 3201 513 3276; x_wconf 91' lang='lat' dir='ltr'>praeter</span> <span class='ocrx_word' id='word_1_223' title='bbox 548 3196 729 3276; x_wconf 85' lang='lat' dir='ltr'>exemplum</span> <span class='ocrx_word' id='word_1_224' title='bbox 763 3195 993 3258; x_wconf 89' lang='lat' dir='ltr'>Lucretianum</span> <span class='ocrx_word' id='word_1_225' title='bbox 1022 3194 1082 3258; x_wconf 86' lang='lat' dir='ltr'>hos</span> <span class='ocrx_word' id='word_1_226' title='bbox 1109 3195 1200 3258; x_wconf 86' lang='lat' dir='ltr'>locos</span> 
     </span>
     <span class='ocr_line' id='line_1_29' title="bbox 56 3295 1200 3378; baseline 0.001 -19"><span class='ocrx_word' id='word_1_227' title='bbox 56 3295 178 3370; x_wconf 86' lang='lat' dir='ltr'>adfert:</span> <span class='ocrx_word' id='word_1_228' title='bbox 213 3296 362 3361; x_wconf 88' lang='lat' dir='ltr'>Caesaris</span> <span class='ocrx_word' id='word_1_229' title='bbox 395 3297 430 3360; x_wconf 89' lang='grc' dir='ltr'>Β.</span> <span class='ocrx_word' id='word_1_230' title='bbox 460 3297 492 3362; x_wconf 88' lang='lat' dir='ltr'>C.</span> <span class='ocrx_word' id='word_1_231' title='bbox 523 3298 612 3362; x_wconf 82' lang='lat'>1132</span> <span class='ocrx_word' id='word_1_232' title='bbox 636 3299 665 3378; x_wconf 82' lang='lat'>8,</span> <span class='ocrx_word' id='word_1_233' title='bbox 689 3298 723 3362; x_wconf 90' lang='grc' dir='ltr'>Β.</span> <span class='ocrx_word' id='word_1_234' title='bbox 746 3296 811 3362; x_wconf 86' lang='lat' dir='ltr'>Asr.</span> <span class='ocrx_word' id='word_1_235' title='bbox 838 3301 872 3361; x_wconf 94' lang='grc'>11</span> <span class='ocrx_word' id='word_1_236' title='bbox 899 3302 929 3376; x_wconf 82' lang='lat'>4,</span> <span class='ocrx_word' id='word_1_237' title='bbox 953 3297 1127 3361; x_wconf 86' lang='lat' dir='ltr'>Frontonis</span> <span class='ocrx_word' id='word_1_238' title='bbox 1150 3316 1200 3378; x_wconf 88' lang='lat' dir='ltr'>ep.</span> 
     </span>
     <span class='ocr_line' id='line_1_30' title="bbox 59 3397 1200 3479; baseline -0.002 -15"><span class='ocrx_word' id='word_1_239' title='bbox 59 3400 104 3464; x_wconf 86' lang='lat' dir='ltr'>ad</span> <span class='ocrx_word' id='word_1_240' title='bbox 138 3398 262 3464; x_wconf 85' lang='lat' dir='ltr'>amieos</span> <span class='ocrx_word' id='word_1_241' title='bbox 291 3399 303 3462; x_wconf 92' lang='lat' dir='ltr'>l</span> <span class='ocrx_word' id='word_1_242' title='bbox 335 3403 374 3464; x_wconf 81' lang='lat'>12</span> <span class='ocrx_word' id='word_1_243' title='bbox 409 3401 461 3465; x_wconf 87' lang='lat' dir='ltr'>fin.</span> <span class='ocrx_word' id='word_1_244' title='bbox 504 3400 644 3465; x_wconf 70' lang='grc'><strong>1101111100</strong></span> <span class='ocrx_word' id='word_1_245' title='bbox 670 3404 717 3464; x_wconf 85' lang='lat' dir='ltr'>cst</span> <span class='ocrx_word' id='word_1_246' title='bbox 739 3399 826 3464; x_wconf 84' lang='lat' dir='ltr'>enirn</span> <span class='ocrx_word' id='word_1_247' title='bbox 851 3397 977 3479; x_wconf 79' lang='lat' dir='ltr'>faciani</span> <span class='ocrx_word' id='word_1_248' title='bbox 1001 3419 1109 3462; x_wconf 82' lang='lat' dir='ltr'>nrorrnr</span> <span class='ocrx_word' id='word_1_249' title='bbox 1134 3398 1200 3462; x_wconf 77' lang='lat' dir='ltr'>otic-</span> 
     </span>
     <span class='ocr_line' id='line_1_31' title="bbox 57 3502 1199 3585; baseline 0 -19"><span class='ocrx_word' id='word_1_250' title='bbox 57 3505 182 3584; x_wconf 79' lang='lat' dir='ltr'>tuave,</span> <span class='ocrx_word' id='word_1_251' title='bbox 205 3503 294 3582; x_wconf 80' lang='lat' dir='ltr'>qaod</span> <span class='ocrx_word' id='word_1_252' title='bbox 316 3503 400 3567; x_wconf 81' lang='grc'><strong>01001</strong></span> <span class='ocrx_word' id='word_1_253' title='bbox 424 3503 538 3567; x_wconf 84' lang='lat' dir='ltr'>ceteris</span> <span class='ocrx_word' id='word_1_254' title='bbox 562 3525 629 3567; x_wconf 87' lang='lat' dir='ltr'>osso</span> <span class='ocrx_word' id='word_1_255' title='bbox 652 3502 748 3567; x_wconf 85' lang='lat' dir='ltr'>natira</span> <span class='ocrx_word' id='word_1_256' title='bbox 765 3504 813 3567; x_wconf 89' lang='lat' dir='ltr'>ed.</span> <span class='ocrx_word' id='word_1_257' title='bbox 830 3503 948 3569; x_wconf 82' lang='lat' dir='ltr'>Naberi</span> <span class='ocrx_word' id='word_1_258' title='bbox 965 3502 1091 3585; x_wconf 85' lang='lat' dir='ltr'>Lipsiae</span> <span class='ocrx_word' id='word_1_259' title='bbox 1106 3503 1199 3581; x_wconf 81' lang='grc'><strong>1861,</strong></span> 
     </span>
     <span class='ocr_line' id='line_1_32' title="bbox 57 3604 1199 3688; baseline -0.002 -19"><span class='ocrx_word' id='word_1_260' title='bbox 57 3624 159 3688; x_wconf 88' lang='lat' dir='ltr'>quem</span> <span class='ocrx_word' id='word_1_261' title='bbox 193 3605 301 3670; x_wconf 90' lang='lat' dir='ltr'>locum</span> <span class='ocrx_word' id='word_1_262' title='bbox 334 3607 538 3687; x_wconf 84' lang='lat' dir='ltr'>grammatici</span> <span class='ocrx_word' id='word_1_263' title='bbox 573 3626 705 3688; x_wconf 90' lang='lat' dir='ltr'>prorsus</span> <span class='ocrx_word' id='word_1_264' title='bbox 738 3607 897 3688; x_wconf 87' lang='lat' dir='ltr'>ignorant.</span> <span class='ocrx_word' id='word_1_265' title='bbox 943 3605 1116 3670; x_wconf 90' lang='lat' dir='ltr'>Praeterea</span> <span class='ocrx_word' id='word_1_266' title='bbox 1140 3604 1199 3667; x_wconf 90' lang='lat' dir='ltr'>Ar-</span> 
     </span>
     <span class='ocr_line' id='line_1_33' title="bbox 57 3707 1246 3791; baseline -0.003 -18"><span class='ocrx_word' id='word_1_267' title='bbox 57 3708 148 3773; x_wconf 91' lang='lat' dir='ltr'>chivi</span> <span class='ocrx_word' id='word_1_268' title='bbox 181 3707 411 3773; x_wconf 89' lang='lat' dir='ltr'>Woelllliniani</span> <span class='ocrx_word' id='word_1_269' title='bbox 441 3717 461 3772; x_wconf 85' lang='lat' dir='ltr'>t.</span> <span class='ocrx_word' id='word_1_270' title='bbox 489 3709 555 3773; x_wconf 94' lang='lat' dir='ltr'>Vlll</span> <span class='ocrx_word' id='word_1_271' title='bbox 587 3729 616 3791; x_wconf 92' lang='lat' dir='ltr'>p.</span> <span class='ocrx_word' id='word_1_272' title='bbox 638 3711 698 3773; x_wconf 87' lang='lat'>301</span> <span class='ocrx_word' id='word_1_273' title='bbox 725 3715 1000 3784; x_wconf 89' lang='lat' dir='ltr'>commemoratur</span> <span class='ocrx_word' id='word_1_274' title='bbox 1023 3726 1062 3772; x_wconf 84' lang='lat' dir='ltr'>ex</span> <span class='ocrx_word' id='word_1_275' title='bbox 1085 3707 1200 3790; x_wconf 79' lang='lat' dir='ltr'>Hygini</span> <span class='ocrx_word' id='word_1_276' title='bbox 1245 3711 1246 3715; x_wconf 77' lang='grc'>’</span> 
     </span>
     <span class='ocr_line' id='line_1_34' title="bbox 59 3809 1199 3892; baseline -0.003 -17"><span class='ocrx_word' id='word_1_277' title='bbox 59 3810 125 3875; x_wconf 83' lang='lat' dir='ltr'>lab.</span> <span class='ocrx_word' id='word_1_278' title='bbox 155 3811 214 3874; x_wconf 88' lang='grc'>126</span> <span class='ocrx_word' id='word_1_279' title='bbox 238 3809 267 3872; x_wconf 90' lang='lat' dir='ltr'>is</span> <span class='ocrx_word' id='word_1_280' title='bbox 290 3811 374 3874; x_wconf 85' lang='lat' dir='ltr'>clano</span> <span class='ocrx_word' id='word_1_281' title='bbox 391 3811 504 3892; x_wconf 78' lang='lat' dir='ltr'>procis</span> <span class='ocrx_word' id='word_1_282' title='bbox 528 3810 755 3892; x_wconf 81' lang='lat' dir='ltr'>deprehensas</span> <span class='ocrx_word' id='word_1_283' title='bbox 779 3815 834 3885; x_wconf 84' lang='lat' dir='ltr'>est,</span> <span class='ocrx_word' id='word_1_284' title='bbox 859 3811 916 3874; x_wconf 90' lang='lat' dir='ltr'>sed</span> <span class='ocrx_word' id='word_1_285' title='bbox 934 3828 973 3874; x_wconf 87' lang='lat' dir='ltr'>eo</span> <span class='ocrx_word' id='word_1_286' title='bbox 990 3811 1063 3875; x_wconf 93' lang='lat' dir='ltr'>loco</span> <span class='ocrx_word' id='word_1_287' title='bbox 1079 3809 1199 3873; x_wconf 88' lang='lat' dir='ltr'>Mauri-</span> 
     </span>
     <span class='ocr_line' id='line_1_35' title="bbox 58 3910 1163 3996; baseline -0.004 -18"><span class='ocrx_word' id='word_1_288' title='bbox 58 3915 131 3978; x_wconf 85' lang='lat' dir='ltr'>cius</span> <span class='ocrx_word' id='word_1_289' title='bbox 159 3912 359 3978; x_wconf 87' lang='lat' dir='ltr'>Schmidtius</span> <span class='ocrx_word' id='word_1_290' title='bbox 382 3921 455 3996; x_wconf 90' lang='lat' dir='ltr'>post</span> <span class='ocrx_word' id='word_1_291' title='bbox 472 3914 586 3995; x_wconf 80' lang='lat' dir='ltr'>procis</span> <span class='ocrx_word' id='word_1_292' title='bbox 610 3914 685 3978; x_wconf 92' lang='lat' dir='ltr'>addi</span> <span class='ocrx_word' id='word_1_293' title='bbox 708 3915 775 3977; x_wconf 92' lang='lat' dir='ltr'>vult</span> <span class='ocrx_word' id='word_1_294' title='bbox 799 3932 895 3976; x_wconf 86' lang='lat' dir='ltr'>araia</span> <span class='ocrx_word' id='word_1_295' title='bbox 920 3933 993 3976; x_wconf 79' lang='lat' dir='ltr'>crona</span> <span class='ocrx_word' id='word_1_296' title='bbox 1018 3910 1163 3994; x_wconf 79' lang='lat' dir='ltr'>afferret.</span> 
     </span>
    </p>

    <p class='ocr_par' dir='ltr' id='par_1_5' title="bbox 58 4014 1201 4305">
     <span class='ocr_line' id='line_1_36' title="bbox 167 4014 1200 4098; baseline -0.004 -18"><span class='ocrx_word' id='word_1_297' title='bbox 167 4016 371 4097; x_wconf 85' lang='lat' dir='ltr'>Quamquam</span> <span class='ocrx_word' id='word_1_298' title='bbox 395 4018 557 4082; x_wconf 84' lang='lat' dir='ltr'>nonnullis</span> <span class='ocrx_word' id='word_1_299' title='bbox 580 4016 660 4081; x_wconf 89' lang='lat' dir='ltr'>locis</span> <span class='ocrx_word' id='word_1_300' title='bbox 683 4015 803 4098; x_wconf 89' lang='lat' dir='ltr'>aliquid</span> <span class='ocrx_word' id='word_1_301' title='bbox 826 4015 913 4079; x_wconf 89' lang='lat' dir='ltr'>dubii</span> <span class='ocrx_word' id='word_1_302' title='bbox 937 4015 1085 4079; x_wconf 90' lang='lat' dir='ltr'>codicum</span> <span class='ocrx_word' id='word_1_303' title='bbox 1099 4014 1200 4096; x_wconf 87' lang='lat' dir='ltr'>serip-</span> 
     </span>
     <span class='ocr_line' id='line_1_37' title="bbox 60 4119 1200 4202; baseline -0.002 -18"><span class='ocrx_word' id='word_1_304' title='bbox 60 4121 143 4184; x_wconf 87' lang='lat' dir='ltr'>turis</span> <span class='ocrx_word' id='word_1_305' title='bbox 177 4119 303 4185; x_wconf 90' lang='lat' dir='ltr'>videtur</span> <span class='ocrx_word' id='word_1_306' title='bbox 331 4121 509 4202; x_wconf 87' lang='lat' dir='ltr'>inhaerere,</span> <span class='ocrx_word' id='word_1_307' title='bbox 535 4120 693 4185; x_wconf 87' lang='lat' dir='ltr'>eiusmodi</span> <span class='ocrx_word' id='word_1_308' title='bbox 717 4126 912 4184; x_wconf 89' lang='lat' dir='ltr'>structuram</span> <span class='ocrx_word' id='word_1_309' title='bbox 936 4138 1069 4201; x_wconf 90' lang='lat' dir='ltr'>prorsus</span> <span class='ocrx_word' id='word_1_310' title='bbox 1091 4136 1200 4182; x_wconf 82' lang='lat' dir='ltr'>reino-</span> 
     </span>
     <span class='ocr_line' id='line_1_38' title="bbox 58 4220 1201 4305; baseline -0.002 -18"><span class='ocrx_word' id='word_1_311' title='bbox 58 4223 130 4287; x_wconf 83' lang='lat' dir='ltr'>reri</span> <span class='ocrx_word' id='word_1_312' title='bbox 153 4242 219 4287; x_wconf 92' lang='lat' dir='ltr'>non</span> <span class='ocrx_word' id='word_1_313' title='bbox 243 4229 292 4286; x_wconf 90' lang='lat' dir='ltr'>est</span> <span class='ocrx_word' id='word_1_314' title='bbox 314 4222 529 4304; x_wconf 89' lang='lat' dir='ltr'>probandum.</span> <span class='ocrx_word' id='word_1_315' title='bbox 564 4225 675 4305; x_wconf 88' lang='lat' dir='ltr'>Neque</span> <span class='ocrx_word' id='word_1_316' title='bbox 699 4224 815 4286; x_wconf 89' lang='lat' dir='ltr'>mirum</span> <span class='ocrx_word' id='word_1_317' title='bbox 839 4229 888 4285; x_wconf 89' lang='lat' dir='ltr'>est</span> <span class='ocrx_word' id='word_1_318' title='bbox 911 4221 995 4285; x_wconf 83' lang='lat' dir='ltr'>clani</span> <span class='ocrx_word' id='word_1_319' title='bbox 1017 4241 1091 4286; x_wconf 87' lang='lat' dir='ltr'>cum</span> <span class='ocrx_word' id='word_1_320' title='bbox 1116 4220 1201 4285; x_wconf 87' lang='lat' dir='ltr'>abla-</span> 
     </span>
    </p>
   </div>
   <div class='ocr_carea' id='block_1_4' title="bbox 0 0 1486 5046">
    <p class='ocr_par' dir='ltr' id='par_1_6' title="bbox 0 0 1486 5046">
     <span class='ocr_line' id='line_1_39' title="bbox 0 0 1486 5046; baseline 0 0"><span class='ocrx_word' id='word_1_321' title='bbox 0 0 1486 5046; x_wconf 95' lang='lat' dir='ltr'> </span> 
     </span>
    </p>
   </div>
  </div>
 </body>
</html>
