2946 5046
211 302 269 366 186

168 509 277 571 antico
300 507 433 587 spinoso
457 505 625 587 producte,
650 524 788 586 corpore
810 504 924 568 subtus
948 505 1057 586 paullo
1083 503 1213 568 densius
1235 521 1279 584 pu·

167 609 328 674 bescente.
371 607 435 690 (An
459 608 588 691 species
611 607 800 691 distinota‘l)
895 660 898 665 ⁴

271 707 330 774 Ph.
353 709 518 774 maritimo
541 708 672 773 Thoms.
695 711 818 788 similis,
842 711 899 774 sed
924 709 1032 791 paullo
1057 710 1174 790 major,
1189 708 1283 790 elytris
1337 698 1339 721 '

168 815 313 879 seriebus
346 813 551 876 translucidis
583 821 776 893 punctorum
812 812 912 876 multo
948 812 1052 893 magis
1085 812 1245 876 distinctis
1263 819 1285 874 et

168 915 368 999 regularibus
404 934 479 979 mox
505 915 759 995 distinguendus.
782 953 825 962 -
847 915 953 998 Caput
975 915 1093 996 pallide
1116 914 1287 996 griseo-tla-

170 1039 255 1097 vum,
280 1019 380 1084 dense
403 1017 563 1084 subtiliter
586 1019 820 1100 punctulatum,
843 1019 972 1100 punctis
993 1018 1158 1083 nonnullis
1182 1018 1290 1098 sparsis

171 1123 277 1204 paullo
312 1121 489 1203 majoribus
522 1121 555 1184 in
590 1121 695 1185 fronte
728 1141 842 1186 versus
866 1124 993 1201 oculos;
1016 1123 1133 1204 clypeo
1157 1124 1193 1185 in
1216 1139 1292 1185 mare

170 1226 355 1301 condolore,
390 1226 421 1287 in
455 1223 576 1289 femina
599 1226 821 1306 nigro-picem
844 1225 950 1308 fronte
973 1225 1058 1290 linea
1081 1225 1195 1289 media
1218 1231 1294 1288 sutu-

171 1347 272 1411 raque
306 1327 440 1410 clypeali
464 1335 553 1391 certo
578 1328 641 1390 situ
664 1327 811 1392 obsolete
835 1327 1061 1393 loslorescenti
1085 1328 1295 1392 translucidis.

172 1431 343 1495 Antennae
366 1430 483 1511 pallide
507 1436 682 1508 testaceae‚
707 1430 851 1494 articulis
865 1429 969 1494 tribus
984 1430 1109 1493 ultimis
1125 1428 1296 1495 infuscatis.

174 1531 356 1598 Prothorax
388 1532 588 1613 longitudine
622 1551 681 1596 suo
709 1533 902 1615 plusquam
926 1533 1023 1614 duplo
1046 1533 1156 1612 latior,
1182 1533 1298 1614 angulis

173 1636 325 1700 omnibus
348 1636 428 1699 satis
451 1636 515 1699 late
536 1636 728 1711 rotundatis,
753 1637 912 1701 subtiliter
935 1636 992 1700 sed
1015 1636 1127 1718 paullo
1150 1639 1300 1701 remotius

174 1758 272 1822 quam
301 1740 333 1802 in
357 1739 463 1819 capite
486 1745 676 1820 punctatus;
700 1741 828 1821 punctis
852 1739 1029 1821 majoribus
1046 1738 1240 1802 lateralibus
1261 1757 1300 1802 or·

174 1843 307 1906 dinariis
341 1843 420 1904 satis
451 1841 623 1919 distinctis3
659 1842 775 1922 pallide
801 1849 975 1922 testaceus
1000 1842 1093 1906 disco
1128 1843 1301 1906 maculist

175 1945 275 2026 nigris
317 1943 596 2026 punctiformibus.
652 1944 832 2009 Scutellum
871 1946 1059 2027 oblongum,
1098 1947 1300 2028 triangulare,

175 2047 383 2112 subtilissime
406 2048 640 2128 punctulatum‚
663 2047 763 2123 limbo
788 2049 879 2112 laevi.
917 2047 1025 2130 Elytra
1048 2049 1223 2112 latitudine
1245 2048 1301 2113 lere

175 2151 272 2232 duplo
296 2151 452 2230 longiora,
477 2150 587 2228 nitida,
603 2150 719 2231 pallide
742 2150 962 2232 griseo-flava,
979 2151 1069 2215 callis
1085 2151 1302 2217 humeralibus

176 2271 275 2334 saepe
309 2253 418 2333 piceis,
454 2252 561 2333 paullo
596 2255 762 2333 remotius
794 2254 850 2318 sed
885 2255 970 2340 haud
994 2252 1190 2335 profundius
1214 2275 1300 2338 qvam

175 2357 351 2438 protborax
386 2361 550 2437 punctam,
586 2358 714 2438 punctis
754 2358 929 2439 maJ'oribus
963 2359 1106 2422 seriatim
1144 2359 1302 2442 dispositis

176 2461 254 2523 satis
288 2460 458 2536 distinctis
493 2461 620 2540 punctis
655 2461 782 2524 seriatis
815 2462 847 2523 in
871 2462 990 2543 pagina
1013 2460 1167 2526 interiore
1191 2464 1302 2545 ubique

177 2561 377 2652 regularibus
411 2569 442 2625 et
476 2561 626 2625 distincte
648 2563 861 2629 translucidis.
907 2562 1032 2645 Corpus
1055 2565 1173 2628 subtus
1202 2568 1301 2647 nigro-

177 2667 313 2746 piceum‚
349 2664 562 2746 subopmnm,
594 2664 735 2730 breviter
757 2673 789 2730 et
812 2668 950 2732 tenuiter
973 2668 1029 2732 sed
1053 2669 1136 2732 satis
1160 2669 1303 2733 distincte

178 2767 505 2849 pallido-pubescens
546 2769 739 2832 mesosterni
777 2770 889 2834 carina
926 2771 1034 2834 antioc
1079 2773 1302 2854 rectangulari,

178 2873 271 2954 apice
306 2871 483 2936 obsoletius
518 2872 865 2953 dentato-prominula,
898 2880 1097 2937 metasterno
1133 2876 1303 2939 convexio·

178 2975 278 3053 senio,
304 2976 427 3056 postice
459 2975 564 3038 medio
599 2975 711 3056 glabro
746 2982 777 3039 et
810 2973 1045 3041 obsoletissime
1076 2980 1303 3055 canaliculato;

178 3079 352 3141 abdomine
387 3078 495 3142 medio
524 3078 799 3157 longitudinaliter
821 3098 979 3159 convexo,
1002 3081 1156 3162 utrinque
1179 3083 1233 3145 vix
1255 3083 1304 3145 im·

178 3201 300 3263 presso,
336 3181 480 3260 nitidula,
515 3181 723 3245 subtilissime
756 3182 1113 3264 granulato-punctato;
1139 3193 1303 3266 segmento

178 3285 264 3349 anali
297 3285 458 3348 interdurn
493 3285 585 3364 apice
609 3285 767 3348 dilutiore.
815 3284 918 3349 Pedes
940 3285 1182 3366 rulo-testacei3
1207 3286 1303 3354 lemo-

177 3388 265 3450 ribus
301 3386 461 3462 omnibus,
497 3387 714 3450 anterioribus
747 3388 842 3451 latius
867 3389 1109 3469 nigro-vittatis
1143 3390 1304 3473 usquead

178 3497 303 3570 partem
328 3495 425 3553 litam
450 3490 594 3552 ultimam
621 3490 722 3553 dense
737 3491 947 3554 subtilissime
963 3493 1127 3573 punctalis
1144 3502 1175 3557 et
1191 3495 1305 3575 griseo-

178 3592 440 3675 pubescentibus,
464 3594 561 3655 tarsis
584 3593 767 3674 gracilibus,
792 3594 908 3675 pallide
930 3595 1093 3658 testaceis.

280 3697 314 3758 ln
337 3714 422 3777 aqua
441 3695 606 3758 subsalina
631 3698 715 3759 inter
737 3698 866 3778 plantas
890 3690 1061 3778 aquaticas
1084 3704 1116 3761 et
1140 3697 1307 3762 conservas

179 3818 278 3880 prope
312 3799 466 3880 oppidum
501 3798 638 3861 Brindisi
661 3800 771 3863 ltaliae
795 3800 823 3862 d.
850 3802 887 3864 16
910 3799 1022 3863 Martis
1047 3799 1130 3865 1896
1155 3803 1306 3865 nonnulla

178 3903 357 3982 specimina
392 3903 499 3964 inveni
534 3909 562 3965 ct
598 3902 625 3963 d.
661 3904 680 3964 2
715 3903 794 3966 Nov.
834 3902 915 3966 1898
950 3902 1064 3966 eodem
1098 3903 1174 3967 loco
1197 3906 1306 3985 reperi.

178 4004 350 4068 Praeterea
385 4006 414 4066 in
451 4006 555 4067 insula
578 4005 720 4087 Corcyra
744 4026 783 4068 m.
807 4005 996 4068 Decembris
1023 4006 1113 4082 1898,
1138 4003 1184 4069 38
1204 4008 1305 4071 sinum

179 4105 385 4170 Eleuscnsem
420 4116 450 4169 et
487 4107 645 4171 Phaleron
680 4128 779 4190 prope
813 4109 959 4172 Athenas
982 4108 1010 4173 d.
1033 4109 1118 4173 2-6
1142 4108 1255 4173 Martis
1278 4120 1306 4172 ut

178 4220 208 4273 et
226 4231 326 4292 prope
342 4209 537 4290 Syracusam
556 4211 582 4272 d.
600 4214 641 4275 24
657 4213 766 4274 llartis
794 4214 874 4277 1899
898 4231 1004 4292 pauca
1026 4212 1208 4292 specimina
1232 4215 1306 4294 cepi.
